1088 1569
32 698 93 711 1111101113.

290 135 326 149 mm)
337 135 360 147 511·
370 135 439 147 tristatus
449 135 499 146 115510
509 135 577 146 5111111105
588 135 646 149 samen,
658 135 691 146 m.

849 129 879 145 565

100 178 197 194 Udalricus:
207 178 287 199 Apparere
298 178 362 196 dieitur,
371 178 414 198 quod
425 177 477 193 subito
485 177 497 193 A
505 182 542 198 que,
557 178 584 193 sed
600 178 721 193 redundantem.
733 177 795 198 Duplex
810 181 879 197 namque

101 207 130 218 seu
141 204 207 223 repente
217 204 320 221 monstratur,
329 204 346 218 nt
355 202 371 218 in
382 202 452 218 seeundo
460 202 478 218 Ι1-

102 227 131 243 bm
138 227 159 243 do
168 227 278 243 incarn-tione
287 227 343 243 asserit
352 227 441 243 Cassianus.
450 226 478 242 Su-

101 251 154 267 bitum
162 256 200 268 vero
210 253 234 267 051
244 252 286 272 quod
296 254 354 272 praeter
363 256 408 272 spem
419 256 438 267 ex
446 256 477 267 non

101 278 190 297 apparente
197 276 214 292 111
222 276 325 292 manifestum
332 276 422 295 deducitur,
430 278 446 292 ut
454 276 478 291 di-

101 301 150 316 vinus
162 301 245 322 Dionysius
256 301 312 317 seribit
324 301 343 316 ad
356 301 417 317 Caium.
426 301 477 321 Atque

101 327 119 341 ut
127 325 170 341 libro
177 327 252 346 prmtaeto
259 325 343 341 Cassianus
351 327 423 344 testatur,
431 330 478 345 appa-

101 355 137 365 rere
147 350 211 368 dieitur,
219 350 261 371 qnod
272 350 289 365 in
299 350 363 366 insolita
372 349 444 365 claritate
454 354 477 365 ro-

101 374 158 395 fulget.
167 374 232 395 Propter
241 375 284 395 quod
294 379 343 395 super
352 374 392 390 illud
402 374 476 393 Aotuum,

65 408 72 417 ι,
85 412 88 415 .
101 399 131 415 Per
145 399 179 415 dies
194 399 298 419 quadraginta
310 403 390 419 apparens
404 399 442 417 iltis,
455 399 477 414 lo-

101 424 158 444 quitur
171 423 225 439 Glossa
241 428 244 439 :
259 423 340 444 Apparere
354 423 419 442 dieitur,
435 423 477 443 qnod

100 448 184 464 insolitum
194 450 223 464 ost.
232 448 254 464 Ex
262 447 321 468 1111111115
330 447 383 468 colligi
395 450 446 468 potest
453 448 477 463 de-

100 473 167 494 scriptio
176 473 282 494 apparitionis
292 474 339 493 prout
346 473 420 493 congruit
429 473 446 488 in
454 473 477 488 di-
486 473 498 489 B
504 473 595 493 objiciatur,
607 473 648 493 quod
659 477 706 489 nemo
717 473 748 488 seit
758 477 777 488 an
789 473 810 488 sit
820 472 878 493 dignus
885 476 951 490 salma.

100 497 148 516 vinis,
163 498 238 513 videlieet
253 498 296 518 quod
312 497 392 518 apparitio
409 497 436 513 Dei
453 499 477 513 est

100 522 194 538 monstratio
207 522 234 538 Dei
245 524 302 543 prester
315 527 366 543 spem,
377 527 405 543 per
417 522 477 538 educti-

99 552 146 563 onem
160 552 179 562 ex
194 551 225 563 non
239 549 326 567 apparente
342 547 358 562 in
373 546 476 562 manifestum

100 576 129 592 per
136 571 200 592 signum
208 571 289 590 sensibile,
296 576 333 587 eum
341 571 401 587 effectu
409 571 477 587 insolitae

99 596 182 612 claritatis.
196 596 215 611 Et
228 596 270 616 qnod
283 596 343 611 dieitur
352 598 415 615 proeter
426 601 476 615 spem,

100 621 196 641 intelligitur
206 621 225 636 de
237 625 265 641 spe
278 622 348 640 nati-rm
360 622 376 636 et
386 620 476 640 dieiturex

100 651 133 661 mm
145 648 239 665 apparente,
253 647 319 666 propter
333 645 360 660 Dei
374 645 477 661 invisibilita-

101 672 139 685 tem.
148 670 214 686 Claritas
221 674 285 690 quoque
295 669 398 689 intelligenda
405 671 434 688 est,
443 670 476 685 sive

100 694 193 715 corporalis,
206 694 247 710 sieut
260 694 276 709 in
288 694 334 710 stella
346 694 422 714 apparuit
433 694 477 710 Gtiri-

100 721 143 739 stus3
152 719 186 734 sive
193 718 287 739 spiritualis,
295 723 331 739 qum
341 719 414 734 consistit
421 719 440 734 ad
448 718 477 734 mi-

100 748 130 759 nus
144 743 161 759 in
174 743 291 759 illuminatione
303 743 399 762 intellectus,
412 745 477 764 propter

505 204 529 218 est
538 202 590 222 gratia
600 202 732 218 sanctificationis
741 207 745 218 ι
754 207 786 217 una
797 201 880 217 suffimen<

505 227 534 245 tile,
541 227 572 242 alia
579 227 692 243 exuberantia.
699 227 750 243 Prima
758 227 801 242 intus
809 226 880 242 invisibi-

505 252 542 267 liter
550 252 592 267 latet.
598 251 671 267 Secunda
679 253 722 272 patet
729 251 817 267 forinsecus
824 256 827 267 :
834 251 880 267 ideir-

505 281 523 292 eo
531 276 576 297 513110
583 276 643 292 visibili
651 276 706 292 debuit
713 276 795 292 declarari.
803 276 879 292 Similiter

504 301 563 321 duplex
574 303 598 316 est
607 305 658 321 genus
668 301 767 317 credentium
776 306 780 316 1
789 305 838 316 unum
850 301 879 316 im-

505 325 611 346 perfectorum
620 325 664 346 signa
672 326 785 346 qumi-entium
794 325 837 341 aliud
846 330 879 345 per-

505 350 588 368 fectorum,
597 350 625 371 qui
634 350 755 370 intelligentiam
764 352 843 370 qumrunt.
849 349 879 368 Qui

504 377 557 390 autem
568 377 642 395 quierunt
651 375 702 395 signa,
711 374 841 390 mam-ducuntur
851 379 879 395 per

504 404 523 415 ea
530 399 549 415 ad
558 399 665 419 intelligibilia
673 404 677 414 ι
687 399 722 415 ideo
730 401 794 419 propter
801 403 828 414 eos
835 398 879 414 utilis

504 425 528 439 est
537 423 607 439 visibilis
616 423 671 439 missio
681 424 700 439 ad
712 423 845 439 manifestandam
855 423 879 439 in-

504 448 619 464 habitationem
629 448 684 468 gratius
694 448 801 464 exuberantis.
809 457 830 459 —
837 448 856 463 tte
865 448 878 464 si

504 497 541 513 odio
553 498 577 513 vel
590 502 644 513 amore
655 502 658 513 ε
669 497 755 513 dicendum
768 497 810 518 quod
822 502 878 513 verum

504 524 532 541 est,
541 522 572 538 nisi
581 522 621 538 Deus
628 522 703 542 dignetur
709 522 800 542 ostendere;
809 524 879 543 tuaeque

503 547 602 565 ostendebat,
608 546 672 567 quando
680 546 710 562 hoc
718 546 756 562 utile
763 546 795 562 fuit
802 546 822 562 ad
830 546 879 562 fidem

505 571 610 588 roborandam
624 573 640 587 et
655 571 756 587 excitandam
772 571 878 587 devotionem.

504 596 578 617 Denique,
583 596 625 612 sieut
632 596 710 612 mimula
716 596 802 612 ostendunt
809 596 880 611 divinam

504 621 598 641 potentiam,
606 620 629 636 sie
637 620 682 641 signa
691 620 761 636 divinam
771 620 878 641 proesentiam.

503 654 524 657 «-
531 645 546 661 81
555 647 608 661 autem
617 647 702 665 qumi-atur,
711 650 740 661 cur
748 650 779 661 non
788 647 826 661 sunt
832 645 879 661 factm

504 670 576 686 visibiles
586 670 670 685 missiones
681 670 700 685 ad
711 670 824 686 declarandum
836 670 879 685 inha-

505 694 599 711 bitationem
610 694 652 713 Filii,
660 694 702 710 siout
712 695 731 710 sd
744 694 878 710 manifestandum

505 719 636 735 inhabitationem
647 719 716 739 Spiritus
727 719 785 737 Sancti,
794 723 844 739 quum
855 718 880 734 Fi-

505 744 536 759 lius
551 748 615 764 quoque
632 743 710 759 inhabitet
725 743 766 759 siout
781 745 797 759 et
810 743 879 764 Spiritus

101 773 150 789 qnam
157 768 177 784 fit
184 768 298 784 demonstratio
306 768 333 783 illa
341 767 425 783 sensibilis
430 767 477 784 Porio
486 767 497 784 C
504 768 571 784 Sanetus
580 773 583 784 1
592 768 726 789 respondendum,
737 768 779 788 quod
791 768 840 783 Filius
851 768 880 783 du-

100 793 170 808 visibilis
178 793 233 808 missio
240 795 264 808 est
271 794 331 808 esterna
338 792 418 813 processio
426 797 435 808 a
443 793 477 808 mit-

100 819 144 833 tente
159 822 188 838 per
199 817 276 833 eflectum
290 817 345 838 gratim
359 817 444 833 terminata
457 822 477 833 ex

100 844 173 862 tempore
183 842 199 857 in
209 844 282 858 creatura
292 841 371 860 rationali,
379 846 416 857 eum
427 842 477 857 mani-

100 866 185 882 festatione
197 867 254 882 tiorum
267 866 284 882 in
296 867 341 887 signu
353 866 438 887 corporali.
446 866 477 882 Μο-

100 892 130 907 dus
141 893 195 907 autem
205 891 297 911 hujusmodi
309 891 390 907 missionis
400 892 477 912 competit

100 916 160 932 divinis
170 916 248 938 personis,
257 916 273 931 in
282 918 359 936 quantum
370 916 410 931 Deus
419 918 477 932 nostrae

101 941 192 956 infirmitati
207 941 325 959 condescendit,
337 940 437 956 intellectum
449 945 476 957 no-

101 968 152 981 strum
163 965 280 986 quodammodo
290 965 388 981 materialem
399 966 477 981 manudu-

101 990 151 1006 cendo
161 990 177 1005 in
188 990 278 1006 divinorum
289 990 346 1006 notitia
355 995 384 1011 per
393 990 476 1006 sensibilia

101 1014 151 1034 signa,
160 1014 247 1030 seeundum
255 1014 320 1030 modum
328 1014 343 1030 ei
350 1015 475 1030 connaturalem.

101 1039 118 1055 Et
127 1039 203 1060 quoniam
213 1039 270 1055 modus
280 1039 328 1059 hujus
336 1039 404 1055 visibilis
415 1039 476 1055 missio-

505 793 569 814 plieiter
576 793 660 812 inhabitat,
669 795 724 813 utpote
734 797 763 813 per
769 793 836 813 gratiam
844 793 880 808 uni-

504 818 545 836 onis,
557 819 605 838 atque
619 822 647 838 per
658 817 726 838 gratiam
740 817 878 833 sanctificationis.

504 842 526 858 Ad
542 842 676 858 manifestandum
693 842 762 862 primam
776 841 879 857 inhabitatio-

504 872 541 882 nem
553 871 583 883 non
595 867 626 882 fnit
637 866 726 882 necessaria
736 866 804 882 visibilis
817 866 877 885 missio,

504 892 580 912 quoniam
588 891 636 907 Filius
646 890 739 911 plenissime
748 890 779 906 fuit
787 891 803 906 in
814 891 878 907 homine

504 916 534 932 sibi
543 916 593 934 unito,
602 916 617 931 id
625 917 649 931 est
658 917 740 936 assumpta
748 915 853 934 humanitate,
862 915 877 931 in

504 945 536 961 quo
548 940 644 961 operabatur·
654 944 703 960 opera
713 939 784 955 visibilia
794 940 878 956 mir-mulo-

503 970 526 984 sa,
534 966 550 981 in
559 965 618 985 quibua
625 964 762 983 manifestabatur,
771 969 800 980 nee
807 965 878 984 oportuit

503 990 548 1010 signa
561 990 592 1005 alia
604 989 682 1005 adbiberi.
692 989 724 1005 Nes
736 989 783 1004 etiam
795 989 815 1004 ad
828 989 878 1004 mani-

504 1014 591 1030 festandam
603 1014 651 1030 aliam
660 1014 792 1029 inhabitationem
801 1013 844 1029 faeta
854 1015 878 1029 est

504 1039 572 1055 visibilis
580 1039 634 1055 missio
644 1038 679 1054 Filii
688 1039 704 1054 in
714 1038 765 1059 signo,
773 1038 811 1059 quia
820 1038 878 1054 saucti-

101 1064 125 1079 nis
135 1063 216 1084 perfectus
225 1066 254 1082 est,
263 1064 349 1084 perficiens
360 1064 440 1080 hominem
451 1068 476 1080 co-
485 1064 496 1080 D
503 1064 558 1080 ficatio
565 1063 678 1084 appropriatur
685 1063 751 1083 Spiritui
762 1063 819 1079 Sancto
828 1067 831 1078 :
840 1063 877 1079 hinc

100 1088 172 1108 gnitione
184 1088 238 1104 divina
250 1089 338 1104 seeundum
349 1093 413 1104 sensum
424 1090 440 1104 et
452 1089 476 1104 in-

102 1113 182 1129 tellectum
193 1118 197 1129 z
208 1113 268 1129 idcirco
281 1118 310 1133 per
322 1113 375 1134 ipsum
387 1113 476 1129 ostenditur

101 1137 171 1158 perfecta
179 1137 264 1153 invisibilis
275 1137 335 1156 missio,
344 1142 379 1158 quae
389 1140 476 1154 5515001111-

100 1162 137 1178 dum
144 1162 213 1182 gratiani
221 1162 340 1179 redundantem.
344 1162 380 1178 Eme
388 1162 474 1178 Udalrieus.

119 1211 165 1227 Circa
180 1211 266 1227 secundam
284 1211 375 1231 quaestionis
391 1211 476 1232 propositas

101 1238 167 1256 partem,
177 1237 215 1256 puta
225 1235 245 1251 de
256 1235 323 1251 utilitate
334 1236 403 1252 visibilis
414 1236 476 1252 missio-

101 1260 131 1279 nis,
142 1260 198 1276 scribit
208 1260 318 1276 Bonaventura
327 1265 330 1276 :
339 1260 411 1276 visibilis
422 1260 476 1276 missio

101 1284 170 1305 Spiritus
176 1284 230 1300 Sancti
238 1285 283 1300 utilis
292 1287 321 1304 est,
330 1287 345 1300 et
353 1285 372 1300 fit
382 1285 401 1300 ad
410 1285 477 1301 manife-

101 1309 176 1325 standum
184 1309 301 1325 emanationem
309 1312 390 1328 aternam,
399 1310 477 1326 inhabita-

103 1334 195 1354 tionemque
208 1334 313 1354 temporalem
325 1339 357 1350 non
369 1334 478 1355 qualemcum-

503 1088 568 1104 suffeeit
577 1093 612 1103 esse
621 1087 701 1103 visibilem
712 1087 804 1103 missionem
814 1088 833 1103 ad
845 1092 878 1103 ma-

503 1113 610 1129 nifestandum
621 1112 754 1128 inhabitationem
763 1112 833 1132 Spiritus
840 1112 878 1128 San>

502 1138 530 1157 oti,
538 1138 564 1153 eui
573 1137 679 1153 sanctificatio
686 1136 805 1157 appropriatur⁴
814 1136 876 1154 Rursus

503 1167 553 1183 quum
565 1162 659 1178 inhabitatio
670 1162 705 1177 Filii
715 1166 733 1177 ae
744 1161 814 1182 Spiritus
823 1161 876 1177 Sancti

502 1187 534 1203 sint
543 1187 620 1205 indivisas,
629 1186 730 1202 manifestato
737 1186 780 1206 quod
788 1186 804 1202 in
812 1186 877 1202 homine

503 1212 564 1228 habitet
575 1211 644 1232 Spiritus
656 1211 728 1229 Sanctus,
741 1210 842 1226 sufficienter
853 1215 878 1226 os*

503 1236 574 1252 tenditur
582 1236 624 1256 qnod
632 1238 647 1251 et
655 1235 710 1251 Filius.
718 1235 754 1251 lime
761 1235 876 1251 Bonaventnra.

523 1261 589 1281 Insuper
600 1261 619 1276 de
631 1260 660 1276 lias
672 1260 771 1280 congruitate
783 1261 799 1275 ot
810 1259 878 1275 utilitate

504 1285 573 1301 visibilis
581 1284 661 1300 missionis
669 1284 738 1305 Spiritus
747 1284 806 1303 Sancti,
812 1284 834 1299 ait
840 1284 879 1300 Tho«

505 1315 538 1326 mas
551 1310 568 1325 in
581 1309 633 1330 prima
645 1311 690 1330 parte
703 1309 778 1328 Summas,
791 1309 879 1329 quastione

505 1334 627 1355 quadragesima
637 1333 684 1349 tertia
695 1338 699 1349 1
710 1333 751 1349 Deus
762 1334 836 1354 providet
846 1338 880 1350 om-
