1088 1569
221 124 251 140 ne

374 130 389 141 u(
400 130 455 142 l-ffllfflfl
465 131 471 142 1
481 130 602 142 emmaum

614 136 634 138 —
644 131 683 143 ots’r.
695 131 721 147 1¹3
732 131 789 145 QUAEST.
801 131 846 143 imma

221 173 247 187 tur
258 172 278 187 de
290 172 322 188 Deo
334 172 350 188 in
363 175 442 193 quantum
453 173 507 194 aliqua
520 178 556 194 pars
568 174 597 189 du·
604 173 617 189 A
624 174 686 190 scilicet
695 179 745 194 genus
752 175 772 190 de
782 175 835 195 specie
843 180 847 191 1
856 175 898 195 quod
909 175 925 191 in
934 180 1001 196 genem-

221 197 287 212 rationis
299 197 393 213 successivae
404 197 435 213 sibi
448 198 533 216 eoexstitit,
546 198 569 214 sic
581 200 597 213 et

220 220 270 236 futuri
283 222 359 242 temporis
371 222 443 241 verbum,
454 222 470 238 in
483 225 561 243 quantum
572 222 597 238 iu-

221 247 256 261 ture
268 246 330 262 duratio
342 246 357 262 ei
370 247 457 262 coexsistit.
469 246 509 262 Hinc
521 247 597 268 quemad-

220 271 285 286 modum
297 276 333 286 vere
345 271 409 290 dieitur,
418 271 459 287 Deus
470 271 506 290 suit,
516 272 555 287 Deus
567 274 596 290 est,

220 295 261 311 Deus
269 295 307 315 e-rit;
313 295 336 311 sic
344 298 364 314 et,
371 296 416 312 Pater
421 296 483 317 genuit,
489 296 534 312 Pater
539 296 596 317 gignit,

221 322 242 338 et,
249 320 294 335 Pater
301 320 360 340 gignet.
370 321 413 336 Unde
422 321 437 336 in
446 321 485 336 isaia
493 326 522 341 per
529 321 596 337 verbum

221 344 271 360 futuri
283 345 359 365 temporis
370 345 425 361 divina
434 346 515 366 generatio
526 346 597 366 designe-

154 376 160 383 .
171 376 199 385 mx.
211 380 213 383 .
222 371 253 387 tur,
259 374 309 389 quum
317 370 376 385 dieitur
384 375 388 385 z
397 370 477 390 Numquid
485 375 514 390 ego
522 370 597 391 quinties

221 398 277 414 parere
288 394 335 413 l'acio,
343 394 378 415 ipse
388 399 420 410 non
433 395 506 415 pariamt
519 395 558 411 dicit
568 394 597 410 Do-

220 418 279 434 minus.
293 418 309 434 Si
322 423 351 439 ego
364 419 391 439 qui
405 419 463 435 ceteris
476 419 595 440 generationem

220 443 279 462 tribuo,
289 443 348 459 sterilis
360 444 468 464 permanebo!
479 444 515 460 Haec
526 444 574 460 idem.

239 493 316 509 Praeterea
323 493 405 514 quaritur,
414 493 451 514 quis
460 494 480 509 sit
487 494 544 509 modus
551 498 597 514 gene-

220 518 287 534 rationis
297 518 362 534 divinis.

240 542 287 558 Arius
298 543 358 563 quippo
371 543 502 559 sceleratissimus
515 543 596 559 hasreaisr-

220 567 255 586 cha,
260 567 279 583 ad
287 567 388 587 probandum
395 567 514 588 generationem
522 572 553 583 non
562 572 596 583 esse

220 592 236 607 in
247 592 283 611 Deo,
292 592 338 612 ponit
348 592 432 608 duodecim
443 592 498 608 modos
508 593 596 612 generatio-

220 616 245 632 nis
255 621 282 632 seu
293 616 400 637 processionis
410 616 426 632 in
436 617 518 635 creaturis,
527 621 595 637 quorum

220 641 274 657 nullus
281 641 356 657 convenit
364 641 401 657 Deo.
410 641 471 657 Primus
479 643 503 657 est
511 641 558 662 juxta
565 641 596 657 flu<

220 670 258 681 xum
268 665 314 681 lineae
324 670 333 681 a
343 667 403 686 puncto
412 670 415 681 :
424 666 451 686 qui
463 666 519 682 modus
528 670 560 682 non
569 671 596 686 po-

220 692 250 705 test
259 690 357 710 generationi
368 690 427 706 divium
437 690 510 709 attribui,
519 691 595 711 quoniam

220 715 264 730 deest
272 715 287 730 in
296 719 314 730 eo
321 714 404 735 aequalitas
414 715 522 735 simplicitatis
532 715 549 731 in
558 720 596 736 pun-

220 741 245 755 cto
255 741 271 755 et
282 739 329 758 linea,
338 739 380 755 sicut
390 739 455 760 ponitur
466 740 481 755 in
493 739 537 755 Petre
547 742 563 755 et
574 740 596 755 Fi-

220 764 247 780 ΙίοΑ
255 764 337 780 Secundus
345 764 401 780 modus
409 766 433 780 est
439 764 485 784 juxte
493 765 595 781 emissionem

220 789 300 805 radiorum
313 794 322 804 a
334 789 367 805 sole
376 789 416 809 :qui
429 794 460 805 non
473 791 525 810 potest
537 789 595 805 divinae

219 813 318 834 generationi
332 814 406 832 adscribi,
415 814 454 834 quia
466 818 497 830 non
509 816 533 829 est
543 818 596 835 mqua-

220 838 256 854 litas
268 840 329 854 naturae
341 838 383 853 inter
396 838 445 854 solem
458 840 473 854 et
486 838 537 854 radios
551 838 594 854 solis.

220 863 282 878 Tertius
296 865 320 879 est
336 863 382 883 juxta
396 863 505 879 characterem
522 868 550 879 seu
566 863 595 879 im-

220 887 318 908 pressionem
330 892 339 903 a
352 887 405 908 sigillo
416 892 420 903 z
431 887 458 903 ubi
472 888 516 903 deest
528 888 596 904 consub-

220 912 319 930 stantialitas,
332 914 348 927 et
362 917 380 928 se
392 912 452 928 hubent
463 912 505 928 sieut
520 917 568 928 causa
581 915 596 928 et

220 937 293 953 effeetus.
305 937 373 955 Quartus
386 939 410 952 est
421 937 467 957 juxta
479 937 595 953 immissionem

220 962 266 977 bonae
273 961 359 977 voluntatis
367 966 376 977 a
383 961 415 977 Deo
424 966 427 977 τ
436 961 463 977 ubi
471 962 520 977 etiem
528 961 596 977 consul>-

220 986 314 1001 stantialitas
322 986 371 1001 deest.
378 985 445 1004 Quintus
452 988 476 1001 est
482 986 528 1006 juxta
535 986 595 1001 exitum

220 1010 307 1026 accidentis
319 1015 328 1026 a
339 1010 428 1026 substantie
436 1015 440 1026 z
449 1010 465 1025 in
476 1015 508 1031 quo
517 1010 595 1026 accidenti

220 1035 265 1051 deest
271 1035 379 1051 subsistentia.
387 1034 444 1050 Sextus
451 1037 475 1050 est
482 1035 527 1055 juxta
536 1035 596 1051 abstra-

624 198 667 214 tione
682 199 737 215 divina
751 204 783 215 non
797 202 827 215 est.
840 200 942 219 Undecimus,
954 200 1001 220 juxta

625 222 726 242 mentionem,
740 225 757 239 ut
769 228 806 239 arca
820 224 889 240 exterior
901 224 922 240 ab
934 229 972 240 arca
984 225 1001 240 in

625 249 678 263 mente
686 252 690 264 ε
699 248 715 264 in
722 253 755 269 quo
762 250 787 264 est
796 249 895 269 comparatio
904 248 974 265 eiloctus
981 249 1001 265 ad

624 277 694 288 censam.
708 273 819 292 Duodecimus,
831 274 877 293 juxta
889 274 971 289 nascentia
985 274 1001 289 in

624 298 687 315 natura,
695 297 737 313 sicut
744 297 792 313 borno
799 300 884 318 generatur
891 298 912 314 ab
922 298 989 314 homine
997 303 1001 314 τ

625 321 641 337 in
649 326 681 342 quo
691 324 714 337 est
725 322 770 342 prius
779 324 795 338 et
806 322 888 343 posterius.
897 322 956 343 Sicque
966 323 1003 339 nul-

625 346 650 361 lus
657 346 714 362 horum
724 347 808 363 modorum
816 347 891 363 convenit
900 347 1001 368 generationi

624 370 689 386 divinet

644 395 667 411 Ad
681 395 715 411 baec
727 395 817 412 Victorinus
830 397 902 417 arguenti
916 398 973 412 contra
985 402 1002 412 se

624 420 682 435 Ariano
689 425 717 436 seu
725 420 762 436 Ario
770 423 812 436 recte
820 421 907 441 respondit,
916 421 959 442 quod
968 426 1002 437 mo-

624 444 639 460 di
655 445 775 465 processionum
792 450 823 461 non
838 447 875 461 sunt
889 446 910 461 ab
925 446 1002 462 assi-etim

606 468 617 483 Β
624 469 725 485 sufficienter
736 469 813 485 distincti.
822 470 885 486 AEterna
898 475 963 491 quoque
975 475 1002 491 ge-

624 494 685 509 neratio
697 496 721 509 est
735 494 882 515 improportionalis
895 494 940 510 omni
953 499 1002 515 gene-

624 518 681 534 rationi
696 520 711 534 et
727 519 825 539 processioni
840 521 956 535 creaturarum.
969 519 1002 535 Nec

623 543 781 559 obtenebrstissimus
789 544 816 559 ille
824 544 871 559 Arius
879 544 930 564 tetigit
939 549 1003 564 procos-

624 567 684 583 sionem
698 568 741 583 illam
754 573 790 588 quae
803 568 884 589 principue
897 571 1002 589 repraesentat

623 594 639 607 ct
649 592 721 608 imitatur
729 593 849 612 generationem
859 593 936 612 divinam,
945 593 1002 609 videli-

623 618 649 632 cet
660 617 778 633 emanationem
790 617 835 633 verbi
848 617 868 633 ab
881 617 970 633 intellectu.
982 626 1002 629 —

623 641 663 657 Hinc
671 641 769 662 Augustinus
776 641 792 657 in
800 641 841 657 libro
848 642 868 657 de
876 642 932 657 Verbis
939 642 1001 658 Domini

623 666 646 681 ait
655 670 658 681 ι
667 665 723 681 Nullus
734 666 789 682 modus
801 666 907 686 processionis
917 668 1001 685 creaturas,

625 695 653 711 per
663 695 680 706 se
691 691 738 711 plene
749 693 777 706 aut
787 691 887 707 sufficienter
897 694 1002 712 repraesentat

623 715 742 735 generationem
754 715 830 731 divinnm.
840 716 900 732 Idcirco
913 721 932 732 ex
945 716 1001 732 multis

624 740 675 755 modis
683 740 802 760 processionum
813 742 889 756 creaturas
898 742 961 761 oportet
969 741 1002 757 eol-

606 764 617 780 C
624 764 673 785 ligere
683 765 748 780 modum
757 765 865 785 generationis
872 765 936 784 divinae,
945 767 1002 786 quate-

624 794 655 805 nus
667 789 709 809 quod
721 790 766 805 deest
778 790 812 808 uni,
825 790 919 810 suppleatur
930 795 950 806 ex
962 790 1001 806 alio.

624 814 709 834 Propterea
716 814 732 829 in
741 814 801 834 syuodo
808 814 867 830 dieitur
875 814 955 835 Ephesius
964 819 968 830 :
976 815 1003 831 Co-

624 838 700 854 exsistere
707 843 770 859 semper
776 841 793 854 et
800 841 894 854 mternum
902 843 936 854 esse
943 839 1002 855 Filium

624 862 666 878 Patri
678 863 754 883 splendor
766 863 795 878 tibi
808 863 897 882 denuntiet,
910 864 1003 884 impassibi-

625 887 684 903 litatem
694 887 782 903 nativitatis
793 887 837 903 illius
846 888 919 903 ostendat
926 888 1001 907 verbum,

624 912 805 928 consubstantialitatem
817 917 875 928 nomen
890 912 921 928 l'ilii
935 913 1001 933 pandat.

624 936 666 952 lnter
673 937 727 952 omnia
735 938 788 952 tumen
797 937 888 957 expressius
896 936 941 952 illam
949 937 1002 953 ‹leola-

624 963 648 977 rat
656 961 736 982 processio
744 961 788 977 verbi
797 961 817 977 ab
825 961 912 980 intellectu,
917 962 960 982 quod
969 967 1000 978 non

624 988 648 1001 est
660 986 738 1006 posterius
751 990 769 1001 oo
781 990 791 1001 s
803 990 835 1006 quo
848 986 925 1006 procedit,
936 986 967 1002 nisi
980 986 1002 1002 sit

624 1010 660 1026 talis
672 1010 762 1026 intellectus
774 1010 801 1031 qui
813 1012 858 1026 exeat
868 1010 888 1026 de
900 1011 971 1031 potentia
984 1011 1001 1026 iu

623 1037 682 1051 sctum.
691 1035 772 1051 Postremo
780 1034 836 1051 infelix
843 1035 890 1051 Arius
898 1039 930 1051 nun
938 1040 1002 1056 expres-

220 1060 290 1075 ctionem
302 1059 361 1080 speciei
374 1064 384 1075 a
396 1060 468 1078 materia,
481 1060 522 1075 sicut
534 1060 597 1075 intelle-
605 1060 645 1076 Dsit
657 1060 722 1075 modum
735 1059 841 1080 processionis
852 1064 885 1080 quo
896 1064 942 1076 amor
953 1065 963 1075 a
974 1065 1003 1076 vce

220 1086 255 1100 ctus
265 1084 343 1100 abstrahit
352 1084 422 1105 speciem
433 1084 550 1104 intelligibilem
560 1089 569 1100 a
580 1089 596 1099 re

221 1108 299 1124 materiali
307 1111 354 1129 atque
362 1109 482 1129 phantasmate:
489 1109 505 1124 in
513 1113 545 1129 quo
553 1109 597 1124 deest

220 1133 328 1154 simplicitatis
335 1133 423 1154 aequalitas.
431 1133 512 1154 Septimus
521 1135 545 1149 est
551 1133 597 1154 juxta

220 1158 332 1174 excitationem
340 1158 427 1174 veluntatis
434 1163 443 1173 a
451 1158 546 1178 cogitatione
552 1163 555 1174 :
561 1163 597 1179 qum

220 1182 295 1198 excitatio
311 1184 335 1198 est
351 1182 448 1203 temporalis⁴
464 1182 537 1201 Octavus,
551 1183 597 1203 juxta

220 1207 384 1227 transfigurationem,
397 1207 439 1222 sicut
451 1211 470 1222 ex
482 1212 514 1223 mre
526 1207 546 1222 fit
559 1207 597 1223 ima-

219 1236 240 1252 go
249 1236 252 1247 :
261 1236 297 1252 quae
307 1231 427 1252 transfiguratio
434 1233 458 1247 est
468 1231 559 1247 materialis.
568 1231 598 1247 No-

221 1261 257 1275 nus,
264 1256 310 1277 juxta
321 1256 442 1277 productionem
452 1258 504 1272 motus
514 1261 523 1272 a
533 1261 598 1272 moven-

221 1283 236 1296 te
248 1285 252 1297 ε
265 1285 300 1301 quas
313 1282 337 1296 est
347 1280 431 1301 productio
442 1280 510 1296 effectus
522 1285 531 1296 a
543 1285 596 1296 causa.

221 1305 301 1325 Decimus,
314 1305 359 1326 jum
371 1305 471 1322 eductionem
486 1305 576 1326 specierum
589 1311 598 1321 a

221 1335 285 1351 genere,
294 1330 310 1346 in
321 1335 353 1351 quo
364 1335 414 1346 unum
426 1330 522 1351 praedicatur
531 1331 551 1346 de
561 1330 598 1350 alio,

625 1084 684 1100 luntate
692 1086 755 1100 emanat
762 1089 765 1100 2
772 1084 800 1105 qui
809 1084 865 1100 modus
873 1084 957 1105 potissime
964 1089 1002 1100 con-

624 1109 668 1125 venit
678 1108 776 1129 processioni
786 1108 855 1129 Spiritus
865 1109 924 1125 Sancti.
933 1118 954 1120 —
961 1109 1002 1125 Hine

624 1134 646 1149 ait
654 1135 669 1149 et
676 1133 783 1149 Dnmascenus
793 1133 834 1149 libro
845 1133 902 1154 primo,
910 1133 964 1154 eapite
974 1138 1002 1150 no-

625 1162 645 1174 no
656 1162 659 1174 2
671 1158 771 1178 Impossibile
783 1159 807 1173 est
818 1158 886 1173 inveniri
898 1158 915 1174 in
927 1160 1002 1174 creatura

625 1183 710 1203 imaginem
721 1182 882 1198 intransmutabiliter
890 1182 1002 1198 ostendentem

625 1207 641 1223 in
654 1211 670 1223 se
682 1207 747 1222 modum
760 1209 819 1222 sanetas
831 1207 918 1222 Trinitatis.
926 1207 1002 1223 Creatum

625 1232 673 1251 enirn,
680 1231 792 1252 compositum,
799 1231 880 1250 fluxibile,
886 1231 967 1250 vertibile,
972 1231 1003 1247 cir-

625 1256 756 1276 cumscriptibile,
761 1255 830 1276 qualiter
837 1256 921 1272 maniieste
929 1256 1003 1272 ostendet

625 1280 795 1301 supersubstantialem
810 1280 881 1296 divinam
894 1280 1002 1296 substantiam

626 1305 701 1322 omnibus
712 1305 737 1321 bis
750 1304 814 1321 infinite
825 1307 841 1321 et
853 1305 1003 1326 incomparabiliter

627 1330 724 1346 eminentem
729 1331 735 1345 l
