1088 1569
136 196 184 223 ,ΒΓ-ΜΛ
188 200 198 207 ιιι

136 396 145 407 ιι
149 396 174 407 Car.
178 399 188 408 x.
191 396 201 406 ⁵.

210 121 230 137 84

359 126 455 140 uumenorms
466 126 529 137 PRAEVIAE
539 126 588 137 Lmnts
599 125 719 137 ssslw'ssNTtAntm.
730 130 750 133 —
760 125 817 140 οιιιιζςτ.
829 126 839 137 v

210 168 284 188 cendum,
292 169 312 184 sd
320 169 424 190 arguendum.
433 169 452 185 Et
461 169 499 184 item
509 169 552 189 quod
561 168 584 184 ait
590 168 604 184 Δ
610 168 679 189 jusmodi
695 168 742 184 rebus
756 168 821 187 divinis,
837 168 929 184 bominibus
942 167 989 183 exbi-

199 192 270 209 .B=ruen
284 198 287 209 :
300 193 334 209 Non
346 196 370 209 est
382 193 410 214 qui
425 193 475 214 possit
488 193 528 209 scire
541 194 583 209 viam

210 218 250 238 ejus.

227 266 251 282 Ad
262 267 303 283 benc
313 268 417 288 quoestionern
429 267 514 288 respondet
524 267 584 283 diffuse

208 291 302 307 Guillelmus
312 292 404 308 Parisiensis
414 292 430 307 in
441 292 482 307 libro
492 292 511 307 de
522 292 558 307 Fide
568 294 584 307 et

208 316 276 337 iegibus,
285 317 327 332 inter
336 319 388 332 cetera
399 317 459 335 dicens,
468 317 510 337 quod
520 316 585 332 Creator

208 341 309 361 omnipotens
322 341 389 362 requirit
399 346 409 357 a
420 341 493 357 ration-sii
506 343 583 360 creature,

209 367 227 381 ut
236 365 271 386 ipsa
280 370 297 381 se
305 370 334 382 suo
342 366 411 382 Creatori
422 365 493 386 perfecte
503 365 583 386 subjiciat,

209 392 273 409 mactet,
286 390 371 409 sacril'icet,
384 390 470 411 redigendo
485 390 584 406 intellectum

210 415 298 431 naturalem
311 420 329 431 ee
342 415 425 436 proprium
441 415 457 431 in
470 415 584 436 captivitatem,

210 439 226 454 in
237 439 332 460 obsequium
343 439 401 455 Christi
410 444 414 455 2
423 440 465 460 quod
477 439 496 455 iit
508 444 537 460 per
549 440 584 458 hoc,

611 192 651 208 beri.
663 193 698 209 Haee
710 193 783 209 Thomas.

635 217 664 236 Oui
679 218 735 234 eodem
750 217 791 234 libro
806 220 922 238 consequenter
934 217 988 232 decis-

611 244 640 261 rat,
651 242 693 262 quod
705 244 720 257 et
731 247 749 258 es
760 247 796 263 qum
807 242 895 258 naturalem
908 241 986 257 rationem

612 271 676 287 prorsus
687 267 771 285 excedunt,
782 267 852 287 oportuit
864 266 956 282 hominibus
966 266 987 281 ad

611 291 708 307 eredendum
724 291 797 312 proponi,
811 291 887 312 quoniam
903 291 950 307 homo
967 290 986 306 ad

611 316 738 336 supernaturalis
749 316 838 334 ordinatur,
849 318 865 331 et
878 316 897 331 ad
910 320 988 336 superne-

612 340 679 356 turalern
697 341 812 356 beatitudinem
830 342 854 356 est
869 343 931 356 creatus
947 345 951 356 2
967 340 987 355 ad

612 369 660 385 quam
671 370 700 381 nec
712 365 807 386 pertingere,
817 370 846 381 nec
859 370 894 381 eam
905 367 987 385 appetere,

612 394 664 410 neque
674 390 694 406 sd
707 395 742 406 eesn
753 390 807 406 conari
820 392 877 411 posset,
889 389 919 405 nisi
932 389 988 410 aliquo

612 415 659 430 modo
672 415 777 430 innotesceret
790 415 810 430 ei.
822 414 840 430 Et
853 414 894 430 istud
907 414 988 435 praecipue

613 439 686 459 religioni
696 439 773 460 competit
783 439 878 458 christianas,
888 444 923 459 qum
934 439 989 459 singu-

209 464 251 484 quod
266 464 325 479 intuitu
338 464 396 480 divinae
410 464 509 480 auctoritatis
524 464 584 484 proebet
593 464 605 479 B
613 463 667 479 lnriter
676 464 718 479 bons
727 464 817 484 spiritualia
828 466 843 479 et
853 466 912 480 aeterna
923 463 989 484 promit-

208 488 274 504 t'irmum
289 493 371 504 assensum
389 489 413 504 llis
430 493 466 509 quie
482 493 583 509 nequaquem

207 513 342 533 comprehendere
352 513 404 533 valet;
415 513 458 533 quod
468 513 482 528 ei
493 513 541 529 etiarn
552 513 585 529 vel-

207 537 227 553 de
238 538 337 553 meritorium
348 540 377 553 est.
386 537 422 553 Hinc
432 537 532 553 Guillelmus.

227 562 298 582 Denique
310 562 383 580 Thomas.
396 562 449 583 primo
461 562 503 578 libro
514 562 584 578 Summas

207 589 262 603 contra
269 586 398 607 gentiles,prirno
406 587 480 605 ostendit,
485 587 527 607 quod
535 587 583 602 etiam

207 611 253 627 valde
267 611 353 632 expediens
368 611 393 630 sit,
408 613 425 627 ut
437 616 456 627 es
469 616 532 632 quoque
548 616 584 632 quae

207 636 276 651 naturali
288 636 348 652 ratione
358 638 420 656 queunt
430 636 510 656 cognosci,
518 636 584 652 ereden-

206 661 227 676 da
241 660 324 676 tradentur
338 660 431 676 bominibus
446 665 450 676 z
465 660 503 681 quia
517 660 530 676 si
545 661 583 676 talin

206 685 306 701 solummodo
316 685 445 705 relinquerentur
456 685 549 700 hominibus
560 685 583 700 in-

206 709 289 730 quirenda,
305 709 363 730 triplex
379 709 494 725 iuconveniens
509 714 583 730 sequere-

207 736 238 749 tur.
248 734 324 752 Primum,
335 734 377 754 quod
388 734 444 754 paucis
455 734 547 750 hominibus
559 734 583 749 in-

612 488 636 504 tit⁴
647 488 695 504 Porro
705 489 730 504 lex
741 491 791 507 vetus,
801 494 836 509 qum
847 488 942 509 temporalia
952 493 989 509 pro-

612 513 660 528 missa
668 513 742 531 habebat,
750 518 800 534 panca
808 514 885 529 rationem
893 513 988 529 excedentia

612 538 716 558 proponebat.
726 538 752 554 Sic
762 540 777 553 et
787 538 887 558 philosophis
900 542 938 553 cura
951 537 987 556 tuit,

612 564 630 577 ut
639 562 712 578 hemines
722 567 731 578 ιι
742 562 843 578 sensibilium
855 562 988 578 delectationibus

611 587 631 602 sd
647 587 746 602 honestatem
762 587 872 607 perducerent,
888 586 987 602 ostendendo

611 616 645 627 esse
652 611 684 627 alia
692 611 733 627 bona
742 612 766 627 his
777 611 849 630 meliora,
859 616 928 632 qnorum
938 613 986 631 gustu

610 636 661 652 multo
671 636 741 655 suevius,
750 636 778 656 qui
786 638 843 652 vacent
851 636 907 652 activis
915 635 940 652 vel
948 640 987 651 con-

610 660 708 681 templativis
714 660 806 680 virtutibus,
810 661 912 676 delectantur.
918 660 987 681 Expedit

610 685 658 701 etiam
668 685 709 701 istud
718 685 737 701 ad
747 685 863 706 repressionem
874 685 987 706 praesumptio-

610 710 635 725 nis
645 710 757 730 quorumdam,
766 710 794 730 qui
805 712 867 725 tantum
876 710 895 725 de
905 714 935 725 suo
947 714 988 730 pras-

610 736 676 750 sumunt
685 734 754 755 ingenio,
763 737 780 750 ut
789 736 838 750 totam
847 739 901 750 rerum
912 736 986 750 naturum

206 760 248 774 esset
255 758 311 774 talium
319 763 356 774 vera
363 758 436 778 cognitio,
441 763 459 774 eo
467 759 509 779 quod
518 758 582 779 plurimi
591 759 602 775 C
610 763 627 774 se
642 761 716 779 reputent
728 763 757 775 suo
769 759 851 775 intellectu
867 764 913 780 posse
927 759 987 778 metiri,

206 788 216 799 a
227 783 283 799 talium
295 783 365 799 studiosa
378 783 482 803 inquisitione
495 783 584 804 impedian-

207 810 233 823 tur
245 808 269 823 vel
283 807 379 823 hebetudine
393 807 489 826 intellectus,
500 808 524 824 vel
537 813 584 824 occu-

207 832 271 853 petiene
281 834 346 848 externa
355 832 398 848 eirca
409 833 498 848 necessaria
506 833 549 851 vitm,
557 833 583 849 vel

207 857 277 877 pigritia,
289 861 317 872 seu
330 857 435 877 occupatione
450 857 511 878 iniqua.
524 857 584 873 Secun-

207 882 245 897 dum
260 882 374 897 inconveniens
386 884 415 900 est,
429 882 471 902 quod
487 882 510 897 illi
523 882 551 902 qui
563 882 583 898 ad

207 906 263 922 talium
270 906 361 922 divinorum
369 906 477 926 cognitionem
488 907 552 927 propria
560 907 584 922 in-

207 931 300 951 quisitione,
308 931 332 946 vel
343 930 411 946 eliorum
423 931 541 950 intui-rusticae,
551 936 585 952 per—

208 955 292 975 tingerent,
301 960 332 971 non
343 955 373 970 nisi
383 955 462 971 laboriose
470 957 486 971 et
495 956 539 971 tarde
550 960 585 976 por-

208 980 282 995 venircnt
289 979 308 995 ad
314 984 405 1000 eam,quum
414 979 463 995 multa
471 980 585 1001 praeexigentur

208 1004 227 1019 nd
240 1004 278 1019 talis
292 1004 400 1024 intelligenda.
415 1004 486 1020 'l'ertium
499 1007 528 1023 est,
541 1005 584 1025 quod

208 1033 262 1044 eorum
271 1028 357 1049 cognitioni
365 1028 458 1049 frequenter
465 1033 527 1045 errores
534 1031 550 1045 et
558 1030 585 1045 du-

611 785 685 804 putnntes
693 788 748 799 verum
756 788 791 799 esse
799 784 877 804 quidquid
885 784 908 799 eis
917 784 987 803 videtur,

610 810 626 824 et
632 808 690 824 falsum
697 808 775 829 quidquid
783 809 807 824 eis
815 813 846 824 non
853 809 921 824 videtur⁴
928 808 987 824 lterum

611 833 675 853 expedit
682 833 724 849 istud
731 833 750 849 ed
758 833 876 854 reprobnndurn
884 837 939 849 eorum
947 837 990 849 erro-

611 862 645 873 rem
653 858 680 878 qui
688 858 763 874 dixerunt
770 858 852 873 hominem
861 857 944 874 mortalem
954 862 986 873 non

611 882 641 898 nisi
656 882 730 898 mortalia
745 884 761 898 et
773 883 843 898 bumana
857 882 916 898 debere
931 887 988 903 sspere

611 908 627 922 et
636 911 693 922 curare
703 911 707 922 z
718 911 786 927 quorum
797 912 839 922 unus
849 907 880 922 t'uit
890 907 987 926 Simonides,

611 933 666 947 contra
673 936 721 951 quem
729 931 791 947 decimo
799 931 892 947 Ethicorum
900 931 946 947 docet
953 931 989 947 Phi-

611 955 692 976 losophus,
701 956 743 976 quod
753 956 801 972 homo
808 956 856 972 debet
863 961 880 972 se
889 961 917 976 pro
925 956 987 972 viribus

611 980 630 996 ad
639 981 735 996 immortalis
743 983 758 996 et
766 980 820 996 divina
827 980 894 1001 erigere.
900 980 989 997 Undecimo

611 1009 676 1025 quoque
686 1005 706 1020 de
717 1005 822 1024 Animalibus,
833 1005 855 1021 ait
864 1010 867 1021 2
876 1005 919 1023 Quod
931 1010 991 1025 qnam-

611 1029 636 1045 vis
651 1034 709 1050 parurn
724 1029 745 1045 sit
759 1030 801 1050 quod
817 1030 837 1046 de
852 1030 947 1045 substantiis
963 1034 991 1045 su-

208 1053 258 1069 biatas
270 1053 381 1072 miscerentur,
393 1058 412 1069 ex
425 1053 515 1069 intellectus
527 1054 604 1072 debili-D
612 1054 702 1074 perioribus
714 1054 818 1075 percipimus,
830 1054 880 1074 magis
892 1056 946 1070 temen
959 1054 989 1070 boc

208 1079 240 1093 tate
252 1080 268 1093 et
282 1078 411 1098 phantasmatum
426 1078 529 1097 admixtione,
543 1078 584 1094 sicut

208 1102 280 1118 videmus
287 1102 386 1123 pbilosophis
393 1102 481 1122 contigisse
485 1103 542 1123 Sicque
550 1104 585 1119 sim-

209 1127 259 1147 plices
271 1127 342 1143 videntes
357 1127 398 1142 inter
413 1127 481 1147 majores
495 1130 511 1143 et
524 1128 585 1144 doctio-

209 1156 234 1167 res
244 1156 279 1167 esse
289 1151 383 1172 opinionum
396 1151 501 1170 diversitates,
513 1152 585 1173 ambige-

209 1178 245 1192 rent
257 1176 282 1192 cui
297 1176 350 1196 potius
364 1176 466 1192 assentirent.
478 1177 520 1192 inter
534 1177 584 1193 multa

209 1205 273 1221 quoque
285 1205 322 1217 vern
334 1206 370 1221 quse
381 1201 515 1221 demonstrantur,
528 1202 585 1218 misce-

209 1227 235 1241 tur
244 1225 330 1246 aliquando
340 1225 401 1246 aliquid
409 1225 450 1244 falsi,
459 1226 501 1246 quod
513 1231 543 1242 non
553 1227 585 1243 nisi

209 1251 314 1271 probabiliter
324 1253 351 1266 aut
361 1251 448 1271 sophistica
459 1251 521 1267 ratione
530 1252 586 1267 asseri-

208 1277 240 1294 tur,
253 1280 289 1296 quae
302 1275 381 1291 interdum
397 1275 511 1292 demonstratio
523 1279 586 1297 reputa—

209 1302 240 1316 tur.
249 1300 309 1316 idcirco
316 1300 387 1320 oportuit
397 1305 426 1320 por
433 1300 475 1316 viam
483 1300 528 1319 fidei,
536 1301 585 1317 fixam

209 1324 322 1340 certitudinem
333 1326 349 1340 et
362 1329 419 1345 puram
430 1325 513 1341 veritatem
526 1326 545 1341 de
558 1326 587 1341 hu-

612 1078 692 1094 modieurn
708 1080 732 1094 est
747 1081 817 1094 nmatnm
830 1080 846 1094 et
857 1081 930 1099 optatum
944 1079 989 1094 omni

612 1103 702 1123 cognitione
711 1108 760 1123 quum
768 1103 787 1118 de
795 1103 899 1119 interioribus
909 1103 988 1119 babemus

612 1127 710 1143 substantiis.
719 1127 744 1143 Sic
755 1129 771 1143 et
781 1127 798 1143 in
809 1128 879 1144 secundo
890 1128 909 1144 de
919 1128 963 1144 coelo
973 1130 989 1144 et

612 1152 677 1171 mundo,
689 1154 760 1171 testetur,
771 1152 813 1173 quod
826 1157 877 1173 quum
888 1153 908 1168 de
919 1153 990 1173 corpori-

612 1177 642 1193 bus
652 1177 744 1193 ooelestibus
754 1178 850 1198 quaestiones
861 1179 936 1198 poterunt
947 1178 990 1194 solvi

613 1207 662 1223 parva
671 1207 690 1218 ac
699 1202 752 1223 topice
763 1202 847 1221 solutione,
856 1203 935 1223 contingit
944 1203 991 1219 sudi·

613 1227 643 1243 tori
652 1229 670 1242 ut
676 1227 762 1243 vehemens
772 1227 793 1243 sit
801 1227 878 1247 gaudium
888 1227 928 1247 ejus.
937 1236 957 1239 —
965 1227 988 1243 Ex

613 1251 672 1272 quibus
684 1251 759 1268 omnibus
773 1254 840 1271 constet,
853 1252 896 1273 quod
908 1252 928 1268 de
940 1252 989 1268 rebus

613 1276 718 1292 nobilissimis
731 1278 880 1297 quantumcumque
894 1277 989 1297 imperfecta

614 1301 687 1321 cognitio,
691 1305 763 1321 msgnem
771 1301 886 1322 perlectionem
893 1302 949 1317 animes
957 1306 992 1317 oon-

615 1326 651 1341 sert.
665 1326 706 1345 ldeo,
720 1326 793 1346 quamvis
808 1331 827 1342 ea
841 1331 877 1347 quas
891 1331 940 1347 supra
953 1326 991 1342 rati-
