1088 1569
214 123 244 139 ΜΒ

382 127 398 139 ιιι
408 127 463 139 Lunum
475 127 479 139 ι
490 127 610 139 ΞΙΝΙἛΝΤΙΔΙιιιΙ.
622 131 642 134 —
652 127 691 138 ιιιετ,
702 127 739 143 xrv;
750 127 807 141 Qnsssr.
819 127 824 138 1

214 170 247 186 lum
255 170 332 186 effectum
342 172 366 186 est
374 170 389 186 in
400 172 473 186 creatura
483 170 502 185 ad
510 170 588 190 Spiritum
596 169 608 185 Α
615 174 634 185 ea
641 172 701 185 esterna
708 170 788 190 processio
795 170 897 185 includatur?
904 169 994 185 Dicendum

213 194 294 213 Sanctum,
302 199 334 211 non
346 197 383 210 sunt
393 195 413 210 de
424 194 492 210 essentia
503 199 531 210 sou
542 194 589 210 reali-

213 221 245 235 tate
254 219 360 240 processionis
369 219 463 240 temporalis
472 219 542 240 Spiritus
550 219 589 234 San-

212 244 240 260 cti.
253 244 307 265 ltaque
322 249 354 260 una
368 246 392 260 est
405 244 486 265 processio
500 244 587 259 secundum

213 273 252 287 rem,
265 269 302 284 dun
315 269 402 285 secundum
418 269 485 285 rationis
499 268 589 284 distinetio-

212 298 255 309 nem.
266 293 299 309 Nec
311 293 346 309 duaa
358 293 392 309 istm
407 293 516 314 processiones
528 292 588 308 hahent

213 318 254 333 inter
264 322 281 333 se
293 318 366 334 ordinem
377 318 442 336 realem,
451 318 481 333 nisi
495 317 556 333 ratione
567 317 588 333 ef-

212 342 264 358 fectus
276 342 362 361 connotati,
376 347 406 358 non
421 342 481 358 ratione
493 341 588 362 principalis

212 366 305 387 significati.
312 367 347 383 Haec
355 367 448 383 Richardus,
454 376 474 378 —
479 367 526 382 Porro
533 366 587 382 Petrus

213 391 305 412 praehabitis
320 391 353 407 suis
365 391 419 407 verbis
433 391 477 407 sddit
489 396 493 407 z
506 391 543 409 Ouae
558 391 587 406 isto

211 416 280 436 (scilicet
290 416 354 435 ultimo)
363 416 411 432 modo
420 416 522 436 geminantur
531 418 547 431 et
556 415 588 431 ‹iis-

212 440 312 461 tinguuntur,
321 445 352 456 non
363 442 426 461 oportet
435 440 501 456 ‹littei-rc
512 440 588 456 essentia-

616 194 658 215 quod
670 194 714 210 aliud
726 196 750 210 est
763 194 856 213 nominatio,
865 194 908 210 aliud
920 194 996 210 denomi-

616 219 664 235 natio.
677 219 728 237 Quum
741 219 785 235 onim
800 224 858 235 nomen
871 219 933 234 dicatur
945 219 994 239 qussi

616 246 696 263 notamen,
710 244 737 259 ubi
750 244 799 260 suerit
811 244 910 259 diversorum
925 243 996 264 coujun-

615 269 652 287 ctio,
661 271 712 285 totum
723 269 762 284 illud
774 268 897 289 exprimendum
908 271 932 284 est
941 268 996 284 nomi—

615 298 635 308 no
647 298 650 309 z
661 293 708 309 aliter
719 295 769 309 totum
782 293 822 309 illud
833 297 865 309 oon
875 293 994 311 notificaretur,

615 318 642 333 sed
654 323 690 338 pais
702 318 742 338 ejus.
754 318 866 333 Verumtamen
878 318 891 333 si
903 322 954 333 unum
967 322 996 333 eo—

616 347 650 357 rurn
659 344 683 358 est
690 342 796 362 principalius
804 342 859 360 altero,
868 342 959 362 ponendum
969 344 995 357 est

615 366 719 385 substantive,
728 369 744 382 et
753 367 821 382 alterum
831 366 879 382 debet
890 366 927 387 poni
937 368 954 382 ut
965 366 995 382 d&

616 391 707 407 terminatio
714 391 754 411 ejus⁴
761 391 808 407 Porro
817 391 925 407 denominatio
932 391 995 406 dicitur

615 416 660 436 quasi
673 416 762 431 nominatio
773 416 793 431 de
805 415 859 436 aliquo
872 415 922 436 ipsius
935 416 964 434 rei,
977 418 994 431 et

614 445 646 456 non
662 440 749 456 nominatio
764 441 818 456 totius.
832 441 868 456 Ideo
883 440 994 456 denominatio

212 465 253 481 liter.
261 465 319 486 Sicquc
329 465 419 485 geminatur
429 465 509 485 processio
518 464 587 485 Spiritus
596 464 608 480 B
615 465 651 480 fieri
663 465 710 481 debet
722 470 732 481 a
743 465 818 485 digniori,
827 465 903 486 quoniam
915 465 954 481 iliud
967 467 994 480 αἱ

211 489 264 505 Sancti
279 491 344 508 esterna,
356 494 388 510 qua
403 490 475 510 procedit
489 494 498 505 a
511 489 555 505 Patre
570 489 586 504 in

211 514 268 530 Filium
276 516 292 530 et
298 516 363 530 econtra
373 516 390 530 ut
398 514 414 530 in
424 514 515 534 nbjectum3
523 516 539 529 et
548 516 587 529 tem-

211 539 276 559 poralis,
284 543 316 559 qua
326 539 346 555 ab
357 541 424 559 utroque
435 539 507 559 procedit
516 539 532 554 in
544 543 587 554 crea-

211 565 262 579 turam
274 565 292 579 ut
305 563 320 579 in
333 563 430 583 subjeetum,
439 563 482 583 large
493 563 586 583 accipiendo

210 588 301 608 subjectum
314 593 343 608 pro
356 592 375 604 eo
390 588 405 603 in
419 592 451 608 quo
466 588 544 608 recipitur
558 588 587 603 ali-

210 612 255 632 quid,
268 615 315 633 prout
329 613 386 628 domus
400 613 481 628 diceretur
495 612 585 632 subjectum

210 636 319 653 habitationis.
329 637 465 655 Quemadmodum
478 636 521 652 enim
533 636 587 657 subje-

210 663 254 677 ctum
269 661 316 677 habet
328 661 399 682 aliquem
411 663 465 677 actum
477 666 506 682 per
518 661 585 677 formam

210 690 261 705 suam,
270 686 312 701 sicut
321 686 375 702 album
386 691 415 707 per
425 686 515 701 albedinem
526 685 586 706 disgre-

209 712 236 730 gat
248 710 309 730 visum;
322 711 345 726 sic
358 710 412 726 anima
424 711 483 726 dicitur
494 710 586 730 subjectum

210 734 279 755 Spiritus
291 734 350 754 Sancti,
361 735 399 755 quie
412 740 440 756 par
452 735 487 755 ejus
499 735 585 750 adventurn

615 489 681 505 formale
691 491 707 505 et
715 489 836 510 completivum,
845 489 912 505 reddens
922 490 944 505 rei
955 494 994 510 spc-

614 514 655 530 ciem
668 516 684 530 et
699 514 776 530 rationem
789 516 805 530 et
817 519 881 530 nomeu.
894 514 922 530 Hic
936 516 993 530 autern

615 539 732 559 processionem
745 539 786 554 hooc
798 538 867 559 Spiritus
881 538 933 554 Sancti
946 539 996 554 volu-

614 568 650 579 mus
662 564 745 579 nominare
759 563 809 583 magis
820 568 868 584 quam
881 563 993 579 denominat-a

614 588 674 604 Idcirco
687 590 773 608 utrumque
783 588 802 604 ad
815 588 867 608 ipsum
879 590 953 608 spectans
964 593 995 604 ex-

615 612 705 633 primimus,
714 617 764 633 quum
775 612 850 630 dicimus,
860 612 940 628 processio
952 614 995 628 tem—

614 637 709 657 poraliszita
717 639 769 653 tamen
778 637 821 657 quod
829 637 918 657 principale
925 637 995 657 ponitur

614 664 631 677 ut
639 661 729 682 subjectum
738 666 765 677 seu
776 661 900 680 substantivum,
909 666 959 682 quum
967 661 994 677 di-

613 686 655 702 citur
661 686 751 705 processtos
756 688 771 701 et
778 686 891 702 secundarium
899 686 965 706 ponitur
974 688 993 701 ut

613 710 725 726 determinatio
734 710 775 730 ejus,
784 715 833 731 quum
844 710 903 726 dicitur
911 713 994 730 tempora»

613 736 639 750 lis.
651 735 687 751 Hac
697 735 785 751 Udalricus.

210 761 226 775 ot
237 759 352 775 habitationem
364 760 380 775 in
392 760 446 775 anima
458 759 529 775 efficitur
540 760 556 775 in
567 764 586 775 ea
595 759 606 775 G
634 760 705 780 Denique
717 760 761 775 circa
773 760 807 776 haec
820 760 903 775 Durandus
915 759 973 775 scribit
987 764 991 776 ς

209 783 276 804 aliquid,
287 786 303 800 et
314 784 348 805 ipsa
360 784 422 805 aliquid
434 784 473 800 sscit
486 789 514 805 per
525 784 584 805 ipsunt⁴

209 808 242 824 Non
255 813 292 829 orgo
304 808 383 824 differunt
394 809 428 824 istas
439 809 548 829 processiones
559 813 586 829 pe-

209 837 238 849 ne}
247 833 263 848 id
271 833 314 854 quod
325 833 401 854 procedit,
411 838 440 849 nec
450 838 498 854 penes
509 833 586 853 principi-

210 862 236 873 um
247 862 256 873 a
266 862 298 878 quo
308 858 385 878 procedit,
395 858 423 873 sed
433 862 482 878 penes
492 858 585 876 terminum,

209 884 274 903 propter
282 882 358 898 effectum
369 882 397 903 qui
408 887 427 898 ex
438 882 465 898 illo
475 882 585 902 consequitur,

209 908 225 922 et
239 909 329 927 respectum
341 912 361 923 ex
375 907 435 922 effectu
448 908 536 922 causatum.
551 906 585 922 Non

209 933 261 947 tamen
278 931 357 952 intelligas
373 932 416 952 quod
431 931 500 952 Spiritus
518 931 585 947 Sanctus

208 956 229 971 sit
244 956 260 972 in
276 956 340 972 homine
355 958 372 971 ut
386 956 460 972 accidens
476 956 491 971 in
506 955 584 976 subjecto,

208 981 236 996 sed
250 981 339 996 secundum
352 980 393 996 dona
407 980 469 1001 ipsius3
483 980 517 1000 ipse
531 982 584 996 autem

209 1009 237 1025 per
250 1010 267 1020 se
281 1007 305 1020 est
319 1005 348 1023 ibi,
360 1007 378 1020 ut
392 1007 444 1020 motor
458 1005 474 1020 in
488 1006 537 1020 moto.
549 1004 585 1020 Haec

208 1029 268 1045 Petrus.

613 784 667 800 Omnis
679 785 759 805 processio
769 785 839 805 Spiritus
849 784 902 800 Sancti
913 786 936 800 est
945 789 955 800 a
963 784 992 800 Pa-

613 811 637 824 tro
650 811 666 824 et
678 809 723 828 Filio,
734 811 750 824 et
762 809 790 824 illa
802 813 836 824 esse
849 813 880 824 non
894 811 946 829 potest
958 809 991 825 nisi

613 838 646 849 una
653 835 668 849 et
676 833 729 849 unica,
738 833 837 854 'temporalis
845 835 899 849 autem
908 833 992 854 processio

613 858 705 878 appellatur
719 858 799 878 processio
813 862 886 878 personas
899 863 908 873 a
921 862 993 878 persona

613 882 632 898 ad
642 882 776 898 sanctificandum
787 884 876 898 creaturam
887 887 917 903 per
926 882 991 903 aliquid

614 907 630 922 in
639 907 674 927 ipsa
684 909 761 923 creatum.
770 907 809 922 Hinc
819 907 907 922 secundum
917 907 992 927 Augusti-

613 936 652 947 num
662 931 678 947 in
690 931 748 950 littera,
756 931 825 952 Spiritus
833 931 899 947 Ssnctus
910 933 991 952 tempora-

613 956 650 971 litcr
660 956 732 976 procedit
740 956 778 971 dum
790 957 879 971 creaturam
890 955 989 972 sanctificat.

614 980 636 996 Ex
648 985 680 1000 quo
693 980 758 1001 quida-m
772 982 876 1000 sumpserunt
887 980 989 996 occasionem

613 1005 683 1024 dicendi,
693 1005 735 1025 quod
748 1004 790 1020 sicut
801 1005 881 1025 processio
893 1006 953 1020 aterna
965 1007 990 1020 est

614 1029 693 1050 processio
705 1034 777 1050 personas
786 1034 796 1045 a
806 1033 880 1050 persona,
890 1029 913 1044 sic
925 1034 990 1050 procos-

228 1054 328 1070 Goncordant
339 1054 414 1070 Albertus
427 1056 443 1069 et
456 1054 543 1072 Udalricus,
557 1054 584 1074 qui
593 1056 605 1071 Ι)
613 1054 637 1070 sio
645 1054 738 1074 temporalis
748 1056 772 1069 est
780 1054 861 1074 processio
871 1054 940 1074 alicujus
949 1054 988 1070 doni

209 1078 225 1094 in
235 1078 301 1094 Summa
309 1083 343 1097 sua,
352 1078 393 1094 libro
404 1078 456 1096 tertio,
465 1078 508 1094 addit
516 1083 519 1094 :
528 1078 585 1096 Quam-

208 1103 233 1119 vis
245 1105 303 1119 aeterna
316 1103 396 1123 processio
408 1103 478 1123 Spiritus
492 1103 545 1118 Sancti
558 1103 585 1118 ha-

209 1128 245 1144 beat
255 1128 318 1148 objecta
328 1130 392 1146 interna,
401 1128 416 1143 in
428 1130 506 1148 quantum
516 1128 585 1148 Spiritus

208 1153 275 1168 Sanctus
283 1154 307 1168 est
314 1157 359 1168 amor
366 1152 416 1168 Patris
424 1152 440 1167 in
449 1152 533 1171 Filium,et
540 1157 585 1168 econ-

208 1180 233 1193 tra
243 1177 278 1193 Filii
288 1177 304 1193 in
312 1177 382 1197 Patrem3
391 1182 409 1193 ex
420 1177 449 1193 hoc
460 1179 512 1192 tamen
524 1182 555 1193 non
565 1177 586 1193 ‹ii-

208 1202 300 1222 stinguitur,
311 1202 350 1222 quia
361 1202 443 1217 distinctio
455 1201 471 1217 in
483 1201 542 1217 divinis
553 1206 585 1217 non

208 1229 232 1242 est
240 1226 270 1242 nisi
282 1231 311 1247 per
321 1226 405 1242 relationes
415 1226 487 1246 originis.
495 1226 525 1241 Sed
535 1231 585 1247 quum

208 1251 253 1272 juxta
261 1251 375 1272 Philosophum
383 1251 454 1266 secundo
461 1251 481 1266 dc
489 1251 550 1270 Anima,
559 1251 585 1266 dc-

209 1276 297 1292 nominatio
304 1276 361 1291 debeat
369 1275 404 1291 fieri
413 1280 422 1291 a
430 1275 504 1295 digniori,
512 1280 541 1291 cur
549 1280 586 1296 pro-

208 1301 259 1317 cessio
273 1300 342 1321 Spiritus
354 1300 406 1316 Sancti
421 1300 436 1316 iu
449 1302 538 1316 creaturam
551 1305 586 1316 san—

207 1325 311 1341 ctificandam
323 1325 415 1345 temporalis
425 1327 496 1344 vocatur,
507 1330 557 1345 quum
569 1325 585 1340 iu

613 1079 668 1097 creati,
680 1081 697 1094 ut
707 1079 762 1099 gratim
773 1083 801 1094 sen
812 1078 888 1097 caritatis,
899 1083 909 1094 a
919 1083 990 1099 persona

613 1103 667 1119 divina
678 1103 694 1119 in
704 1103 774 1119 animant
784 1108 787 1119 :
796 1103 838 1123 quod
849 1107 879 1119 non
890 1105 914 1118 est
924 1108 988 1122 verum,

614 1130 660 1149 prout
668 1132 711 1143 nunc
719 1128 738 1143 de
747 1127 848 1148 processione
858 1127 941 1148 loquimur
948 1130 990 1143 tem-

613 1152 670 1173 porali.
679 1152 767 1173 Loquimur
776 1156 846 1172 namque
856 1152 876 1167 de
885 1152 989 1172 processione

613 1182 645 1197 qua
658 1177 692 1197 ipse
704 1177 773 1197 Spiritus
786 1176 853 1192 Sanctus
867 1177 945 1197 procedit,
959 1177 988 1197 qui

613 1206 645 1217 non
655 1202 707 1217 fertur
717 1201 802 1222 procedere
812 1206 832 1216 ex
842 1206 860 1217 co
870 1201 913 1222 quod
922 1201 989 1221 aliquod

613 1227 672 1242 donum
688 1226 723 1246 ojus
738 1226 814 1246 procedit.
828 1226 882 1246 Itaque
895 1226 989 1246 temporalis

613 1251 694 1271 processio
709 1251 739 1266 ista
753 1253 777 1266 est
791 1255 823 1271 qua
837 1250 907 1271 Spiritus
920 1250 990 1266 Sanctus

614 1276 685 1296 procedit
700 1280 709 1291 a
724 1275 768 1291 Pati-t·
782 1277 797 1291 rt
809 1275 849 1291 Filio
862 1275 878 1290 in
891 1277 988 1293 creaturam,

614 1305 645 1316 non
656 1302 673 1316 ut
683 1300 699 1316 in
710 1300 806 1320 subjectum,
816 1300 843 1316 sed
853 1300 895 1315 utin
905 1299 988 1320 objectum

614 1327 684 1341 amatum
695 1327 710 1341 rt
720 1325 807 1345 cognitum,
815 1326 830 1340 ct
839 1325 886 1341 modo
896 1324 951 1345 aliquo
961 1324 990 1340 ha-
