<?xml version="1.0" encoding="UTF-8"?>
<!DOCTYPE html PUBLIC "-//W3C//DTD XHTML 1.0 Transitional//EN"
    "http://www.w3.org/TR/xhtml1/DTD/xhtml1-transitional.dtd">
<html xmlns="http://www.w3.org/1999/xhtml" xml:lang="en" lang="en">
 <head>
  <title>
</title>
<meta http-equiv="Content-Type" content="text/html;charset=utf-8" />
  <meta name='ocr-system' content='tesseract 3.04.00' />
  <meta name='ocr-capabilities' content='ocr_page ocr_carea ocr_par ocr_line ocrx_word'/>
</head>
<body>
  <div class='ocr_page' id='page_1' title='image "./doctorisecstati08unkngoog/doctorisecstati08unkngoog_0203.png"; bbox 0 0 1088 1569; ppageno 0'>
   <div class='ocr_carea' id='block_1_1' title="bbox 212 126 241 142">
    <p class='ocr_par' dir='ltr' id='par_1_1' title="bbox 212 126 241 142">
     <span class='ocr_line' id='line_1_1' title="bbox 212 126 241 142; baseline 0 0"><span class='ocrx_word' id='word_1_1' title='bbox 212 126 241 142; x_wconf 73' lang='lat' dir='ltr'><strong>iso</strong></span> 
     </span>
    </p>
   </div>
   <div class='ocr_carea' id='block_1_2' title="bbox 384 132 816 149">
    <p class='ocr_par' dir='ltr' id='par_1_2' title="bbox 384 132 816 149">
     <span class='ocr_line' id='line_1_2' title="bbox 384 132 816 149; baseline -0.002 -5"><span class='ocrx_word' id='word_1_2' title='bbox 384 133 399 144; x_wconf 87' lang='grc' dir='ltr'><strong>ΙΝ</strong></span> <span class='ocrx_word' id='word_1_3' title='bbox 409 132 465 144; x_wconf 60' lang='lat' dir='ltr'><strong>emittm</strong></span> <span class='ocrx_word' id='word_1_4' title='bbox 475 133 480 144; x_wconf 93' lang='grc' dir='ltr'>Ι</span> <span class='ocrx_word' id='word_1_5' title='bbox 491 132 612 144; x_wconf 70' lang='grc' dir='ltr'><strong>ΒΕΝΤΙΝΤΙΔΙΙΙῚΙ.</strong></span> <span class='ocrx_word' id='word_1_6' title='bbox 623 137 643 140; x_wconf 88' lang='grc'>-</span> <span class='ocrx_word' id='word_1_7' title='bbox 655 133 693 144; x_wconf 67' lang='lat' dir='ltr'><strong>DET.</strong></span> <span class='ocrx_word' id='word_1_8' title='bbox 705 133 726 149; x_wconf 68' lang='lat'><strong>113</strong></span> <span class='ocrx_word' id='word_1_9' title='bbox 738 132 794 146; x_wconf 67' lang='grc' dir='ltr'><strong>ΟΙῚΗῙ.</strong></span> <span class='ocrx_word' id='word_1_10' title='bbox 806 133 816 143; x_wconf 80' lang='lat' dir='ltr'>v</span> 
     </span>
    </p>
   </div>
   <div class='ocr_carea' id='block_1_3' title="bbox 210 173 993 196">
    <p class='ocr_par' dir='ltr' id='par_1_3' title="bbox 210 173 993 196">
     <span class='ocr_line' id='line_1_3' title="bbox 210 173 993 196; baseline 0 -6"><span class='ocrx_word' id='word_1_11' title='bbox 210 173 302 190; x_wconf 72' lang='lat' dir='ltr'><strong>liberalitati</strong></span> <span class='ocrx_word' id='word_1_12' title='bbox 315 179 380 195; x_wconf 80' lang='lat' dir='ltr'><strong>prorsus</strong></span> <span class='ocrx_word' id='word_1_13' title='bbox 391 175 472 191; x_wconf 64' lang='lat' dir='ltr'><strong>immensa</strong></span> <span class='ocrx_word' id='word_1_14' title='bbox 486 175 557 191; x_wconf 75' lang='lat' dir='ltr'><strong>naturale</strong></span> <span class='ocrx_word' id='word_1_15' title='bbox 570 177 586 191; x_wconf 78' lang='lat' dir='ltr'><strong>et</strong></span> <span class='ocrx_word' id='word_1_16' title='bbox 593 175 606 191; x_wconf 78' lang='lat' dir='ltr'><strong>A</strong></span> <span class='ocrx_word' id='word_1_17' title='bbox 613 176 655 196; x_wconf 79' lang='lat' dir='ltr'><strong>quod</strong></span> <span class='ocrx_word' id='word_1_18' title='bbox 667 176 723 196; x_wconf 80' lang='lat' dir='ltr'><strong>utique</strong></span> <span class='ocrx_word' id='word_1_19' title='bbox 733 175 787 192; x_wconf 83' lang='lat' dir='ltr'><strong>divina</strong></span> <span class='ocrx_word' id='word_1_20' title='bbox 798 176 867 191; x_wconf 61' lang='lat' dir='ltr'><strong>essentia</strong></span> <span class='ocrx_word' id='word_1_21' title='bbox 877 175 918 191; x_wconf 82' lang='lat' dir='ltr'><strong>sicut</strong></span> <span class='ocrx_word' id='word_1_22' title='bbox 927 177 943 191; x_wconf 85' lang='lat' dir='ltr'><strong>et</strong></span> <span class='ocrx_word' id='word_1_23' title='bbox 952 175 993 191; x_wconf 77' lang='lat' dir='ltr'><strong>Dei-</strong></span> 
     </span>
    </p>
   </div>
   <div class='ocr_carea' id='block_1_4' title="bbox 210 199 586 467">
    <p class='ocr_par' dir='ltr' id='par_1_4' title="bbox 210 199 586 442">
     <span class='ocr_line' id='line_1_4' title="bbox 210 199 585 220; baseline 0.003 -6"><span class='ocrx_word' id='word_1_24' title='bbox 210 199 299 215; x_wconf 82' lang='lat' dir='ltr'><strong>condecens</strong></span> <span class='ocrx_word' id='word_1_25' title='bbox 308 201 336 215; x_wconf 86' lang='lat' dir='ltr'><strong>est.</strong></span> <span class='ocrx_word' id='word_1_26' title='bbox 347 200 387 216; x_wconf 80' lang='lat' dir='ltr'><strong>Hine</strong></span> <span class='ocrx_word' id='word_1_27' title='bbox 399 200 419 215; x_wconf 79' lang='lat' dir='ltr'><strong>ad</strong></span> <span class='ocrx_word' id='word_1_28' title='bbox 431 202 542 220; x_wconf 70' lang='lat' dir='ltr'><strong>argumentum</strong></span> <span class='ocrx_word' id='word_1_29' title='bbox 553 204 585 220; x_wconf 86' lang='lat' dir='ltr'><strong>quo</strong></span> 
     </span>
     <span class='ocr_line' id='line_1_5' title="bbox 210 223 586 245; baseline 0.003 -6"><span class='ocrx_word' id='word_1_30' title='bbox 210 223 232 239; x_wconf 72' lang='lat' dir='ltr'><strong>iu</strong></span> <span class='ocrx_word' id='word_1_31' title='bbox 239 224 319 244; x_wconf 76' lang='lat' dir='ltr'><strong>arguitur:</strong></span> <span class='ocrx_word' id='word_1_32' title='bbox 324 224 406 240; x_wconf 84' lang='lat' dir='ltr'><strong>Pluralitas</strong></span> <span class='ocrx_word' id='word_1_33' title='bbox 414 227 438 240; x_wconf 86' lang='lat' dir='ltr'><strong>est</strong></span> <span class='ocrx_word' id='word_1_34' title='bbox 445 224 531 245; x_wconf 79' lang='lat' dir='ltr'><strong>superflua,</strong></span> <span class='ocrx_word' id='word_1_35' title='bbox 537 229 586 245; x_wconf 84' lang='lat' dir='ltr'><strong>quan-</strong></span> 
     </span>
     <span class='ocr_line' id='line_1_6' title="bbox 210 248 585 270; baseline 0.003 -6"><span class='ocrx_word' id='word_1_36' title='bbox 210 248 230 264; x_wconf 87' lang='lat' dir='ltr'><strong>do</strong></span> <span class='ocrx_word' id='word_1_37' title='bbox 238 253 269 264; x_wconf 87' lang='lat' dir='ltr'><strong>non</strong></span> <span class='ocrx_word' id='word_1_38' title='bbox 280 249 316 269; x_wconf 83' lang='lat' dir='ltr'><strong>plus</strong></span> <span class='ocrx_word' id='word_1_39' title='bbox 323 249 343 265; x_wconf 86' lang='lat' dir='ltr'><strong>&lt;le</strong></span> <span class='ocrx_word' id='word_1_40' title='bbox 352 249 422 265; x_wconf 82' lang='lat' dir='ltr'><strong>bonitate</strong></span> <span class='ocrx_word' id='word_1_41' title='bbox 430 251 446 265; x_wconf 80' lang='lat' dir='ltr'><strong>et</strong></span> <span class='ocrx_word' id='word_1_42' title='bbox 456 249 554 270; x_wconf 70' lang='lat' dir='ltr'><strong>perfectione</strong></span> <span class='ocrx_word' id='word_1_43' title='bbox 561 251 585 265; x_wconf 86' lang='lat' dir='ltr'><strong>est</strong></span> 
     </span>
     <span class='ocr_line' id='line_1_7' title="bbox 210 273 585 294; baseline 0.005 -6"><span class='ocrx_word' id='word_1_44' title='bbox 210 273 226 288; x_wconf 92' lang='lat' dir='ltr'><strong>in</strong></span> <span class='ocrx_word' id='word_1_45' title='bbox 238 273 311 293; x_wconf 87' lang='lat' dir='ltr'><strong>pluribus</strong></span> <span class='ocrx_word' id='word_1_46' title='bbox 322 279 370 294; x_wconf 82' lang='lat' dir='ltr'><strong>quam</strong></span> <span class='ocrx_word' id='word_1_47' title='bbox 383 274 399 289; x_wconf 89' lang='lat' dir='ltr'><strong>in</strong></span> <span class='ocrx_word' id='word_1_48' title='bbox 412 278 449 292; x_wconf 68' lang='lat' dir='ltr'><strong>uno,</strong></span> <span class='ocrx_word' id='word_1_49' title='bbox 460 274 522 290; x_wconf 70' lang='lat' dir='ltr'><strong>dicente</strong></span> <span class='ocrx_word' id='word_1_50' title='bbox 533 274 585 294; x_wconf 86' lang='lat' dir='ltr'><strong>primo</strong></span> 
     </span>
     <span class='ocr_line' id='line_1_8' title="bbox 210 297 585 319; baseline 0.003 -6"><span class='ocrx_word' id='word_1_51' title='bbox 210 297 312 318; x_wconf 74' lang='lat' dir='ltr'><strong>Physimrum</strong></span> <span class='ocrx_word' id='word_1_52' title='bbox 323 298 418 319; x_wconf 73' lang='lat' dir='ltr'><strong>Philosophi)</strong></span> <span class='ocrx_word' id='word_1_53' title='bbox 429 303 433 314; x_wconf 69' lang='lat' dir='ltr'><strong>t</strong></span> <span class='ocrx_word' id='word_1_54' title='bbox 443 298 459 314; x_wconf 92' lang='lat' dir='ltr'><strong>Si</strong></span> <span class='ocrx_word' id='word_1_55' title='bbox 469 299 530 319; x_wconf 87' lang='lat' dir='ltr'><strong>aliquid</strong></span> <span class='ocrx_word' id='word_1_56' title='bbox 540 303 585 319; x_wconf 67' lang='lat' dir='ltr'><strong>mque</strong></span> 
     </span>
     <span class='ocr_line' id='line_1_9' title="bbox 210 322 586 344; baseline 0.005 -7"><span class='ocrx_word' id='word_1_57' title='bbox 210 322 251 338; x_wconf 86' lang='lat' dir='ltr'><strong>bene</strong></span> <span class='ocrx_word' id='word_1_58' title='bbox 261 322 296 338; x_wconf 71' lang='lat' dir='ltr'><strong>fieri</strong></span> <span class='ocrx_word' id='word_1_59' title='bbox 308 325 359 343; x_wconf 87' lang='lat' dir='ltr'><strong>potest</strong></span> <span class='ocrx_word' id='word_1_60' title='bbox 369 328 397 344; x_wconf 89' lang='lat' dir='ltr'><strong>per</strong></span> <span class='ocrx_word' id='word_1_61' title='bbox 405 328 454 339; x_wconf 87' lang='lat' dir='ltr'><strong>unum</strong></span> <span class='ocrx_word' id='word_1_62' title='bbox 464 323 505 339; x_wconf 86' lang='lat' dir='ltr'><strong>sicut</strong></span> <span class='ocrx_word' id='word_1_63' title='bbox 516 328 545 344; x_wconf 81' lang='lat' dir='ltr'><strong>por</strong></span> <span class='ocrx_word' id='word_1_64' title='bbox 553 323 586 344; x_wconf 86' lang='lat' dir='ltr'><strong>plu-</strong></span> 
     </span>
     <span class='ocr_line' id='line_1_10' title="bbox 211 347 586 369; baseline 0.005 -7"><span class='ocrx_word' id='word_1_65' title='bbox 211 351 233 365; x_wconf 73' lang='lat' dir='ltr'><strong>ra,</strong></span> <span class='ocrx_word' id='word_1_66' title='bbox 242 347 292 367; x_wconf 74' lang='lat' dir='ltr'><strong>magis</strong></span> <span class='ocrx_word' id='word_1_67' title='bbox 303 348 394 368; x_wconf 84' lang='lat' dir='ltr'><strong>ponendum</strong></span> <span class='ocrx_word' id='word_1_68' title='bbox 401 350 426 363; x_wconf 86' lang='lat' dir='ltr'><strong>est</strong></span> <span class='ocrx_word' id='word_1_69' title='bbox 435 353 485 363; x_wconf 84' lang='lat' dir='ltr'><strong>unum</strong></span> <span class='ocrx_word' id='word_1_70' title='bbox 493 353 542 369; x_wconf 80' lang='lat' dir='ltr'><strong>quom</strong></span> <span class='ocrx_word' id='word_1_71' title='bbox 552 348 586 369; x_wconf 87' lang='lat' dir='ltr'><strong>plu-</strong></span> 
     </span>
     <span class='ocr_line' id='line_1_11' title="bbox 211 372 585 393; baseline 0.003 -6"><span class='ocrx_word' id='word_1_72' title='bbox 211 376 233 387; x_wconf 71' lang='lat' dir='ltr'><strong>ra.</strong></span> <span class='ocrx_word' id='word_1_73' title='bbox 242 372 264 387; x_wconf 79' lang='lat' dir='ltr'><strong>Ad</strong></span> <span class='ocrx_word' id='word_1_74' title='bbox 275 372 310 391; x_wconf 74' lang='lat' dir='ltr'><strong>hoc,</strong></span> <span class='ocrx_word' id='word_1_75' title='bbox 319 372 390 393; x_wconf 83' lang='lat' dir='ltr'><strong>inquam,</strong></span> <span class='ocrx_word' id='word_1_76' title='bbox 399 373 484 393; x_wconf 70' lang='lat' dir='ltr'><strong>respondet</strong></span> <span class='ocrx_word' id='word_1_77' title='bbox 491 372 585 391; x_wconf 74' lang='lat' dir='ltr'><strong>Riehardua,</strong></span> 
     </span>
     <span class='ocr_line' id='line_1_12' title="bbox 210 396 586 418; baseline 0.003 -6"><span class='ocrx_word' id='word_1_78' title='bbox 210 396 253 416; x_wconf 81' lang='lat' dir='ltr'><strong>quod</strong></span> <span class='ocrx_word' id='word_1_79' title='bbox 264 396 322 412; x_wconf 74' lang='lat' dir='ltr'><strong>falsum</strong></span> <span class='ocrx_word' id='word_1_80' title='bbox 332 399 361 416; x_wconf 68' lang='lat' dir='ltr'><strong>est,</strong></span> <span class='ocrx_word' id='word_1_81' title='bbox 371 397 435 418; x_wconf 81' lang='lat' dir='ltr'><strong>quando</strong></span> <span class='ocrx_word' id='word_1_82' title='bbox 447 397 530 418; x_wconf 72' lang='lat' dir='ltr'><strong>plenitudo</strong></span> <span class='ocrx_word' id='word_1_83' title='bbox 541 397 586 413; x_wconf 86' lang='lat' dir='ltr'><strong>boni-</strong></span> 
     </span>
     <span class='ocr_line' id='line_1_13' title="bbox 210 421 444 442; baseline 0.009 -6"><span class='ocrx_word' id='word_1_84' title='bbox 210 421 247 437; x_wconf 75' lang='lat' dir='ltr'><strong>tatis</strong></span> <span class='ocrx_word' id='word_1_85' title='bbox 257 423 281 437; x_wconf 81' lang='lat' dir='ltr'><strong>est</strong></span> <span class='ocrx_word' id='word_1_86' title='bbox 292 422 332 437; x_wconf 87' lang='lat' dir='ltr'><strong>ratio</strong></span> <span class='ocrx_word' id='word_1_87' title='bbox 342 422 444 442; x_wconf 66' lang='lat' dir='ltr'><strong>pluralitatis,</strong></span> 
     </span>
    </p>

    <p class='ocr_par' dir='ltr' id='par_1_5' title="bbox 230 446 586 467">
     <span class='ocr_line' id='line_1_14' title="bbox 230 446 586 467; baseline 0.003 -6"><span class='ocrx_word' id='word_1_88' title='bbox 230 446 253 461; x_wconf 79' lang='lat' dir='ltr'><strong>Ad</strong></span> <span class='ocrx_word' id='word_1_89' title='bbox 263 448 335 466; x_wconf 70' lang='lat' dir='ltr'><strong>quartam</strong></span> <span class='ocrx_word' id='word_1_90' title='bbox 347 447 480 467; x_wconf 84' lang='lat' dir='ltr'><strong>respondendum,</strong></span> <span class='ocrx_word' id='word_1_91' title='bbox 489 447 531 467; x_wconf 79' lang='lat' dir='ltr'><strong>quod</strong></span> <span class='ocrx_word' id='word_1_92' title='bbox 539 446 586 462; x_wconf 81' lang='lat' dir='ltr'><strong>Aver-</strong></span> 
     </span>
    </p>
   </div>
   <div class='ocr_carea' id='block_1_5' title="bbox 612 200 992 467">
    <p class='ocr_par' dir='ltr' id='par_1_6' title="bbox 612 200 992 467">
     <span class='ocr_line' id='line_1_15' title="bbox 614 200 990 221; baseline 0 -5"><span class='ocrx_word' id='word_1_93' title='bbox 614 202 637 215; x_wconf 81' lang='lat' dir='ltr'><strong>tas</strong></span> <span class='ocrx_word' id='word_1_94' title='bbox 646 200 685 221; x_wconf 80' lang='lat' dir='ltr'><strong>ipsa,</strong></span> <span class='ocrx_word' id='word_1_95' title='bbox 692 202 716 216; x_wconf 81' lang='lat' dir='ltr'><strong>est</strong></span> <span class='ocrx_word' id='word_1_96' title='bbox 724 205 748 216; x_wconf 85' lang='lat' dir='ltr'><strong>res</strong></span> <span class='ocrx_word' id='word_1_97' title='bbox 756 205 788 216; x_wconf 87' lang='lat' dir='ltr'><strong>una</strong></span> <span class='ocrx_word' id='word_1_98' title='bbox 795 200 883 216; x_wconf 68' lang='lat' dir='ltr'><strong>subsistens</strong></span> <span class='ocrx_word' id='word_1_99' title='bbox 891 202 907 216; x_wconf 80' lang='lat' dir='ltr'><strong>et</strong></span> <span class='ocrx_word' id='word_1_100' title='bbox 914 204 990 221; x_wconf 77' lang='lat' dir='ltr'><strong>persona,</strong></span> 
     </span>
     <span class='ocr_line' id='line_1_16' title="bbox 613 224 992 246; baseline 0 -5"><span class='ocrx_word' id='word_1_101' title='bbox 613 225 693 245; x_wconf 76' lang='lat' dir='ltr'><strong>loquendo</strong></span> <span class='ocrx_word' id='word_1_102' title='bbox 703 225 722 241; x_wconf 84' lang='lat' dir='ltr'><strong>de</strong></span> <span class='ocrx_word' id='word_1_103' title='bbox 733 229 800 246; x_wconf 80' lang='lat' dir='ltr'><strong>persona</strong></span> <span class='ocrx_word' id='word_1_104' title='bbox 809 225 886 244; x_wconf 81' lang='lat' dir='ltr'><strong>absolute,</strong></span> <span class='ocrx_word' id='word_1_105' title='bbox 895 227 942 245; x_wconf 78' lang='lat' dir='ltr'><strong>prout</strong></span> <span class='ocrx_word' id='word_1_106' title='bbox 951 224 992 245; x_wconf 76' lang='lat' dir='ltr'><strong>phi-</strong></span> 
     </span>
     <span class='ocr_line' id='line_1_17' title="bbox 613 249 992 270; baseline 0 -5"><span class='ocrx_word' id='word_1_107' title='bbox 613 249 675 270; x_wconf 85' lang='lat' dir='ltr'><strong>losophi</strong></span> <span class='ocrx_word' id='word_1_108' title='bbox 687 252 702 265; x_wconf 89' lang='lat' dir='ltr'><strong>et</strong></span> <span class='ocrx_word' id='word_1_109' title='bbox 712 250 762 266; x_wconf 72' lang='lat' dir='ltr'><strong>Judoei</strong></span> <span class='ocrx_word' id='word_1_110' title='bbox 774 254 792 266; x_wconf 84' lang='lat' dir='ltr'><strong>ac</strong></span> <span class='ocrx_word' id='word_1_111' title='bbox 805 250 887 266; x_wconf 68' lang='lat' dir='ltr'><strong>sat-neoni</strong></span> <span class='ocrx_word' id='word_1_112' title='bbox 900 249 992 270; x_wconf 83' lang='lat' dir='ltr'><strong>loquuntur</strong></span> 
     </span>
     <span class='ocr_line' id='line_1_18' title="bbox 613 274 991 295; baseline 0 -5"><span class='ocrx_word' id='word_1_113' title='bbox 613 274 633 289; x_wconf 80' lang='lat' dir='ltr'><strong>de</strong></span> <span class='ocrx_word' id='word_1_114' title='bbox 645 279 712 295; x_wconf 87' lang='lat' dir='ltr'><strong>persona</strong></span> <span class='ocrx_word' id='word_1_115' title='bbox 727 275 742 290; x_wconf 90' lang='lat' dir='ltr'><strong>in</strong></span> <span class='ocrx_word' id='word_1_116' title='bbox 758 275 822 290; x_wconf 83' lang='lat' dir='ltr'><strong>divinis.</strong></span> <span class='ocrx_word' id='word_1_117' title='bbox 835 274 854 290; x_wconf 76' lang='lat' dir='ltr'><strong>Et</strong></span> <span class='ocrx_word' id='word_1_118' title='bbox 868 274 919 290; x_wconf 86' lang='lat' dir='ltr'><strong>nihilo</strong></span> <span class='ocrx_word' id='word_1_119' title='bbox 933 274 991 290; x_wconf 87' lang='lat' dir='ltr'><strong>minus</strong></span> 
     </span>
     <span class='ocr_line' id='line_1_19' title="bbox 613 298 991 319; baseline -0.003 -4"><span class='ocrx_word' id='word_1_120' title='bbox 613 298 648 319; x_wconf 76' lang='lat' dir='ltr'><strong>ipsa</strong></span> <span class='ocrx_word' id='word_1_121' title='bbox 658 299 727 315; x_wconf 82' lang='lat' dir='ltr'><strong>essentia</strong></span> <span class='ocrx_word' id='word_1_122' title='bbox 738 299 876 315; x_wconf 77' lang='lat' dir='ltr'><strong>communicabilis</strong></span> <span class='ocrx_word' id='word_1_123' title='bbox 887 301 910 315; x_wconf 73' lang='lat' dir='ltr'><strong>est</strong></span> <span class='ocrx_word' id='word_1_124' title='bbox 920 301 936 314; x_wconf 84' lang='lat' dir='ltr'><strong>et</strong></span> <span class='ocrx_word' id='word_1_125' title='bbox 944 303 991 314; x_wconf 82' lang='lat' dir='ltr'><strong>oom-</strong></span> 
     </span>
     <span class='ocr_line' id='line_1_20' title="bbox 613 323 991 344; baseline 0 -5"><span class='ocrx_word' id='word_1_126' title='bbox 613 323 694 339; x_wconf 72' lang='lat' dir='ltr'><strong>municata</strong></span> <span class='ocrx_word' id='word_1_127' title='bbox 704 323 744 340; x_wconf 78' lang='lat' dir='ltr'><strong>Filio</strong></span> <span class='ocrx_word' id='word_1_128' title='bbox 755 326 771 340; x_wconf 80' lang='lat' dir='ltr'><strong>et</strong></span> <span class='ocrx_word' id='word_1_129' title='bbox 781 323 847 344; x_wconf 90' lang='lat' dir='ltr'><strong>Spiritui</strong></span> <span class='ocrx_word' id='word_1_130' title='bbox 858 323 921 342; x_wconf 79' lang='lat' dir='ltr'><strong>Sancto,</strong></span> <span class='ocrx_word' id='word_1_131' title='bbox 931 328 949 339; x_wconf 83' lang='lat' dir='ltr'><strong>ac</strong></span> <span class='ocrx_word' id='word_1_132' title='bbox 959 323 991 339; x_wconf 86' lang='lat' dir='ltr'><strong>tri-</strong></span> 
     </span>
     <span class='ocr_line' id='line_1_21' title="bbox 613 347 990 369; baseline 0 -5"><span class='ocrx_word' id='word_1_133' title='bbox 613 347 643 363; x_wconf 82' lang='lat' dir='ltr'><strong>bus</strong></span> <span class='ocrx_word' id='word_1_134' title='bbox 651 348 772 368; x_wconf 77' lang='lat' dir='ltr'><strong>super-gloriosis</strong></span> <span class='ocrx_word' id='word_1_135' title='bbox 782 348 854 369; x_wconf 84' lang='lat' dir='ltr'><strong>personis</strong></span> <span class='ocrx_word' id='word_1_136' title='bbox 861 348 950 364; x_wconf 77' lang='lat' dir='ltr'><strong>communis</strong></span> <span class='ocrx_word' id='word_1_137' title='bbox 959 352 963 364; x_wconf 69' lang='lat' dir='ltr'>t</span> <span class='ocrx_word' id='word_1_138' title='bbox 972 350 990 363; x_wconf 79' lang='lat' dir='ltr'><strong>et</strong></span> 
     </span>
     <span class='ocr_line' id='line_1_22' title="bbox 613 372 990 389; baseline 0 -1"><span class='ocrx_word' id='word_1_139' title='bbox 613 372 643 388; x_wconf 85' lang='lat' dir='ltr'><strong>boo</strong></span> <span class='ocrx_word' id='word_1_140' title='bbox 655 375 679 388; x_wconf 81' lang='lat' dir='ltr'><strong>est</strong></span> <span class='ocrx_word' id='word_1_141' title='bbox 689 377 708 388; x_wconf 86' lang='lat' dir='ltr'><strong>ex</strong></span> <span class='ocrx_word' id='word_1_142' title='bbox 721 372 785 389; x_wconf 79' lang='lat' dir='ltr'><strong>infinita</strong></span> <span class='ocrx_word' id='word_1_143' title='bbox 796 373 900 389; x_wconf 80' lang='lat' dir='ltr'><strong>exuberantia</strong></span> <span class='ocrx_word' id='word_1_144' title='bbox 912 372 990 388; x_wconf 83' lang='lat' dir='ltr'><strong>bonitatis</strong></span> 
     </span>
     <span class='ocr_line' id='line_1_23' title="bbox 613 397 991 418; baseline 0 -5"><span class='ocrx_word' id='word_1_145' title='bbox 613 399 629 412; x_wconf 86' lang='lat' dir='ltr'><strong>et</strong></span> <span class='ocrx_word' id='word_1_146' title='bbox 639 397 744 418; x_wconf 74' lang='lat' dir='ltr'><strong>plenitudinis</strong></span> <span class='ocrx_word' id='word_1_147' title='bbox 754 398 813 413; x_wconf 68' lang='lat' dir='ltr'><strong>divium</strong></span> <span class='ocrx_word' id='word_1_148' title='bbox 822 397 900 416; x_wconf 61' lang='lat' dir='ltr'><strong>essentias,</strong></span> <span class='ocrx_word' id='word_1_149' title='bbox 907 397 923 413; x_wconf 91' lang='lat' dir='ltr'><strong>in</strong></span> <span class='ocrx_word' id='word_1_150' title='bbox 935 402 952 413; x_wconf 80' lang='lat' dir='ltr'><strong>se</strong></span> <span class='ocrx_word' id='word_1_151' title='bbox 963 402 991 418; x_wconf 71' lang='lat' dir='ltr'><strong>pe-</strong></span> 
     </span>
     <span class='ocr_line' id='line_1_24' title="bbox 613 422 990 443; baseline 0 -5"><span class='ocrx_word' id='word_1_152' title='bbox 613 422 656 437; x_wconf 83' lang='lat' dir='ltr'><strong>nitus</strong></span> <span class='ocrx_word' id='word_1_153' title='bbox 664 422 748 438; x_wconf 71' lang='lat' dir='ltr'><strong>iltimitatae</strong></span> <span class='ocrx_word' id='word_1_154' title='bbox 755 424 772 438; x_wconf 83' lang='lat' dir='ltr'><strong>et</strong></span> <span class='ocrx_word' id='word_1_155' title='bbox 779 422 938 443; x_wconf 67' lang='lat' dir='ltr'><strong>ineontnetaezquod</strong></span> <span class='ocrx_word' id='word_1_156' title='bbox 946 422 990 438; x_wconf 89' lang='lat' dir='ltr'><strong>nulli</strong></span> 
     </span>
     <span class='ocr_line' id='line_1_25' title="bbox 612 447 989 467; baseline 0 -5"><span class='ocrx_word' id='word_1_157' title='bbox 612 449 669 462; x_wconf 73' lang='lat' dir='ltr'><strong>creatae</strong></span> <span class='ocrx_word' id='word_1_158' title='bbox 682 449 732 467; x_wconf 79' lang='lat' dir='ltr'><strong>potest</strong></span> <span class='ocrx_word' id='word_1_159' title='bbox 747 447 833 463; x_wconf 74' lang='lat' dir='ltr'><strong>convenire</strong></span> <span class='ocrx_word' id='word_1_160' title='bbox 846 447 924 465; x_wconf 66' lang='lat' dir='ltr'><strong>essentia,</strong></span> <span class='ocrx_word' id='word_1_161' title='bbox 936 451 989 467; x_wconf 80' lang='lat' dir='ltr'><strong>quum</strong></span> 
     </span>
    </p>
   </div>
   <div class='ocr_carea' id='block_1_6' title="bbox 211 470 989 492">
    <p class='ocr_par' dir='ltr' id='par_1_7' title="bbox 211 470 989 492">
     <span class='ocr_line' id='line_1_26' title="bbox 211 470 989 492; baseline 0.001 -6"><span class='ocrx_word' id='word_1_162' title='bbox 211 475 246 486; x_wconf 87' lang='lat' dir='ltr'><strong>roes</strong></span> <span class='ocrx_word' id='word_1_163' title='bbox 256 470 271 486; x_wconf 89' lang='lat' dir='ltr'><strong>in</strong></span> <span class='ocrx_word' id='word_1_164' title='bbox 283 471 319 489; x_wconf 85' lang='lat' dir='ltr'><strong>isto,</strong></span> <span class='ocrx_word' id='word_1_165' title='bbox 329 471 371 487; x_wconf 82' lang='lat' dir='ltr'><strong>sicut</strong></span> <span class='ocrx_word' id='word_1_166' title='bbox 382 471 398 486; x_wconf 93' lang='lat' dir='ltr'><strong>in</strong></span> <span class='ocrx_word' id='word_1_167' title='bbox 411 471 466 487; x_wconf 80' lang='lat' dir='ltr'><strong>multis</strong></span> <span class='ocrx_word' id='word_1_168' title='bbox 478 471 520 490; x_wconf 85' lang='lat' dir='ltr'><strong>aliis,</strong></span> <span class='ocrx_word' id='word_1_169' title='bbox 530 473 585 487; x_wconf 83' lang='lat' dir='ltr'><strong>eontra</strong></span> <span class='ocrx_word' id='word_1_170' title='bbox 594 471 629 488; x_wconf 87' lang='lat' dir='ltr'><strong>Biu</strong></span> <span class='ocrx_word' id='word_1_171' title='bbox 642 476 659 487; x_wconf 85' lang='lat' dir='ltr'><strong>se</strong></span> <span class='ocrx_word' id='word_1_172' title='bbox 672 471 706 492; x_wconf 87' lang='lat' dir='ltr'><strong>ipsa</strong></span> <span class='ocrx_word' id='word_1_173' title='bbox 718 471 739 487; x_wconf 85' lang='lat' dir='ltr'><strong>sit</strong></span> <span class='ocrx_word' id='word_1_174' title='bbox 750 471 824 491; x_wconf 71' lang='lat' dir='ltr'><strong>limitata,</strong></span> <span class='ocrx_word' id='word_1_175' title='bbox 834 474 882 492; x_wconf 68' lang='lat' dir='ltr'><strong>atque</strong></span> <span class='ocrx_word' id='word_1_176' title='bbox 894 472 913 487; x_wconf 79' lang='lat' dir='ltr'><strong>ad</strong></span> <span class='ocrx_word' id='word_1_177' title='bbox 925 474 989 487; x_wconf 84' lang='lat' dir='ltr'><strong>certum</strong></span> 
     </span>
    </p>
   </div>
   <div class='ocr_carea' id='block_1_7' title="bbox 209 495 586 762">
    <p class='ocr_par' dir='ltr' id='par_1_8' title="bbox 209 495 586 762">
     <span class='ocr_line' id='line_1_27' title="bbox 211 495 585 512; baseline 0.003 -2"><span class='ocrx_word' id='word_1_178' title='bbox 211 495 260 511; x_wconf 77' lang='lat' dir='ltr'><strong>tidem</strong></span> <span class='ocrx_word' id='word_1_179' title='bbox 274 495 377 511; x_wconf 80' lang='lat' dir='ltr'><strong>christianam</strong></span> <span class='ocrx_word' id='word_1_180' title='bbox 392 496 479 512; x_wconf 85' lang='lat' dir='ltr'><strong>enormiter</strong></span> <span class='ocrx_word' id='word_1_181' title='bbox 490 496 585 511; x_wconf 83' lang='lat' dir='ltr'><strong>damnabili—</strong></span> 
     </span>
     <span class='ocr_line' id='line_1_28' title="bbox 211 520 585 541; baseline 0.003 -6"><span class='ocrx_word' id='word_1_182' title='bbox 211 522 267 540; x_wconf 83' lang='lat' dir='ltr'><strong>terque</strong></span> <span class='ocrx_word' id='word_1_183' title='bbox 281 520 345 539; x_wconf 77' lang='lat' dir='ltr'><strong>erravit,</strong></span> <span class='ocrx_word' id='word_1_184' title='bbox 360 520 494 541; x_wconf 82' lang='lat' dir='ltr'><strong>quemadmodum</strong></span> <span class='ocrx_word' id='word_1_185' title='bbox 510 520 585 536; x_wconf 48' lang='lat' dir='ltr'><strong>condem*</strong></span> 
     </span>
     <span class='ocr_line' id='line_1_29' title="bbox 211 545 586 566; baseline 0.003 -6"><span class='ocrx_word' id='word_1_186' title='bbox 211 545 243 560; x_wconf 83' lang='lat' dir='ltr'><strong>nati</strong></span> <span class='ocrx_word' id='word_1_187' title='bbox 256 545 326 561; x_wconf 63' lang='lat' dir='ltr'><strong>haeretici</strong></span> <span class='ocrx_word' id='word_1_188' title='bbox 338 549 341 561; x_wconf 91' lang='lat'>:</span> <span class='ocrx_word' id='word_1_189' title='bbox 352 545 390 566; x_wconf 76' lang='lat' dir='ltr'><strong>quia</strong></span> <span class='ocrx_word' id='word_1_190' title='bbox 401 550 420 561; x_wconf 86' lang='lat' dir='ltr'><strong>ex</strong></span> <span class='ocrx_word' id='word_1_191' title='bbox 431 545 586 561; x_wconf 71' lang='lat' dir='ltr'><strong>considerationibus</strong></span> 
     </span>
     <span class='ocr_line' id='line_1_30' title="bbox 210 569 586 590; baseline 0 -5"><span class='ocrx_word' id='word_1_192' title='bbox 210 571 325 588; x_wconf 78' lang='lat' dir='ltr'><strong>ereaturarum,</strong></span> <span class='ocrx_word' id='word_1_193' title='bbox 343 569 445 590; x_wconf 75' lang='lat' dir='ltr'><strong>praesumpsit</strong></span> <span class='ocrx_word' id='word_1_194' title='bbox 462 570 586 585; x_wconf 74' lang='lat' dir='ltr'><strong>immoderanter</strong></span> 
     </span>
     <span class='ocr_line' id='line_1_31' title="bbox 209 594 585 615; baseline 0 -5"><span class='ocrx_word' id='word_1_195' title='bbox 209 594 281 614; x_wconf 80' lang='lat' dir='ltr'><strong>judicare</strong></span> <span class='ocrx_word' id='word_1_196' title='bbox 292 594 311 610; x_wconf 80' lang='lat' dir='ltr'><strong>de</strong></span> <span class='ocrx_word' id='word_1_197' title='bbox 320 594 399 613; x_wconf 77' lang='lat' dir='ltr'><strong>creatore,</strong></span> <span class='ocrx_word' id='word_1_198' title='bbox 408 594 453 615; x_wconf 81' lang='lat' dir='ltr'><strong>quasi</strong></span> <span class='ocrx_word' id='word_1_199' title='bbox 464 596 497 610; x_wconf 73' lang='lat' dir='ltr'><strong>tota</strong></span> <span class='ocrx_word' id='word_1_200' title='bbox 507 594 585 610; x_wconf 79' lang='lat' dir='ltr'><strong>Creatoris</strong></span> 
     </span>
     <span class='ocr_line' id='line_1_32' title="bbox 211 618 585 639; baseline 0 -5"><span class='ocrx_word' id='word_1_201' title='bbox 211 618 292 639; x_wconf 75' lang='lat' dir='ltr'><strong>perfectio,</strong></span> <span class='ocrx_word' id='word_1_202' title='bbox 305 619 399 639; x_wconf 68' lang='lat' dir='ltr'><strong>proprietas,</strong></span> <span class='ocrx_word' id='word_1_203' title='bbox 409 619 502 637; x_wconf 84' lang='lat' dir='ltr'><strong>eminentia,</strong></span> <span class='ocrx_word' id='word_1_204' title='bbox 514 619 585 639; x_wconf 86' lang='lat' dir='ltr'><strong>plenarie</strong></span> 
     </span>
     <span class='ocr_line' id='line_1_33' title="bbox 211 643 586 664; baseline 0 -5"><span class='ocrx_word' id='word_1_205' title='bbox 211 643 299 659; x_wconf 76' lang='lat' dir='ltr'><strong>relucerent</strong></span> <span class='ocrx_word' id='word_1_206' title='bbox 311 643 327 659; x_wconf 91' lang='lat' dir='ltr'><strong>in</strong></span> <span class='ocrx_word' id='word_1_207' title='bbox 338 643 421 662; x_wconf 76' lang='lat' dir='ltr'><strong>creaturis,</strong></span> <span class='ocrx_word' id='word_1_208' title='bbox 429 645 477 664; x_wconf 81' lang='lat' dir='ltr'><strong>atque</strong></span> <span class='ocrx_word' id='word_1_209' title='bbox 487 648 506 659; x_wconf 82' lang='lat' dir='ltr'><strong>ex</strong></span> <span class='ocrx_word' id='word_1_210' title='bbox 517 644 540 659; x_wconf 88' lang='lat' dir='ltr'><strong>eis</strong></span> <span class='ocrx_word' id='word_1_211' title='bbox 551 648 586 664; x_wconf 87' lang='lat' dir='ltr'><strong>pos-</strong></span> 
     </span>
     <span class='ocr_line' id='line_1_34' title="bbox 210 668 585 688; baseline 0 -5"><span class='ocrx_word' id='word_1_212' title='bbox 210 670 245 683; x_wconf 84' lang='lat' dir='ltr'><strong>sent</strong></span> <span class='ocrx_word' id='word_1_213' title='bbox 260 668 339 688; x_wconf 78' lang='lat' dir='ltr'><strong>cognosci,</strong></span> <span class='ocrx_word' id='word_1_214' title='bbox 354 672 405 688; x_wconf 80' lang='lat' dir='ltr'><strong>quum</strong></span> <span class='ocrx_word' id='word_1_215' title='bbox 421 670 473 683; x_wconf 78' lang='lat' dir='ltr'><strong>tamen</strong></span> <span class='ocrx_word' id='word_1_216' title='bbox 490 668 585 684; x_wconf 85' lang='lat' dir='ltr'><strong>universitas</strong></span> 
     </span>
     <span class='ocr_line' id='line_1_35' title="bbox 210 692 586 713; baseline 0 -5"><span class='ocrx_word' id='word_1_217' title='bbox 210 694 284 713; x_wconf 70' lang='lat' dir='ltr'><strong>totusque</strong></span> <span class='ocrx_word' id='word_1_218' title='bbox 295 693 333 708; x_wconf 84' lang='lat' dir='ltr'><strong>ordo</strong></span> <span class='ocrx_word' id='word_1_219' title='bbox 345 693 386 708; x_wconf 76' lang='lat' dir='ltr'><strong>entis</strong></span> <span class='ocrx_word' id='word_1_220' title='bbox 396 693 450 711; x_wconf 80' lang='lat' dir='ltr'><strong>creati,</strong></span> <span class='ocrx_word' id='word_1_221' title='bbox 460 692 523 708; x_wconf 75' lang='lat' dir='ltr'><strong>infinite</strong></span> <span class='ocrx_word' id='word_1_222' title='bbox 533 697 543 708; x_wconf 82' lang='lat' dir='ltr'><strong>a</strong></span> <span class='ocrx_word' id='word_1_223' title='bbox 553 692 586 713; x_wconf 84' lang='lat' dir='ltr'><strong>ple-</strong></span> 
     </span>
     <span class='ocr_line' id='line_1_36' title="bbox 210 716 586 737; baseline 0.003 -5"><span class='ocrx_word' id='word_1_224' title='bbox 210 721 231 732; x_wconf 86' lang='lat' dir='ltr'><strong>na</strong></span> <span class='ocrx_word' id='word_1_225' title='bbox 238 716 265 732; x_wconf 87' lang='lat' dir='ltr'><strong>Dei</strong></span> <span class='ocrx_word' id='word_1_226' title='bbox 273 722 291 732; x_wconf 81' lang='lat' dir='ltr'><strong>sc</strong></span> <span class='ocrx_word' id='word_1_227' title='bbox 299 717 390 733; x_wconf 80' lang='lat' dir='ltr'><strong>divinorum</strong></span> <span class='ocrx_word' id='word_1_228' title='bbox 400 717 539 737; x_wconf 65' lang='lat' dir='ltr'><strong>repraesentatione</strong></span> <span class='ocrx_word' id='word_1_229' title='bbox 546 717 586 733; x_wconf 77' lang='lat' dir='ltr'><strong>desi-</strong></span> 
     </span>
     <span class='ocr_line' id='line_1_37' title="bbox 210 741 584 762; baseline 0 -5"><span class='ocrx_word' id='word_1_230' title='bbox 210 741 246 757; x_wconf 68' lang='lat' dir='ltr'><strong>ciat⁴</strong></span> <span class='ocrx_word' id='word_1_231' title='bbox 255 741 310 762; x_wconf 85' lang='lat' dir='ltr'><strong>ltaque</strong></span> <span class='ocrx_word' id='word_1_232' title='bbox 317 742 358 760; x_wconf 79' lang='lat' dir='ltr'><strong>dieo,</strong></span> <span class='ocrx_word' id='word_1_233' title='bbox 367 742 409 762; x_wconf 86' lang='lat' dir='ltr'><strong>quod</strong></span> <span class='ocrx_word' id='word_1_234' title='bbox 420 744 456 757; x_wconf 67' lang='lat' dir='ltr'><strong>tota</strong></span> <span class='ocrx_word' id='word_1_235' title='bbox 465 744 497 757; x_wconf 86' lang='lat' dir='ltr'><strong>tres</strong></span> <span class='ocrx_word' id='word_1_236' title='bbox 508 746 584 762; x_wconf 72' lang='lat' dir='ltr'><strong>pet-soum,</strong></span> 
     </span>
    </p>
   </div>
   <div class='ocr_carea' id='block_1_8' title="bbox 612 496 991 763">
    <p class='ocr_par' dir='ltr' id='par_1_9' title="bbox 612 496 991 763">
     <span class='ocr_line' id='line_1_38' title="bbox 612 496 990 516; baseline 0.003 -5"><span class='ocrx_word' id='word_1_237' title='bbox 612 496 679 516; x_wconf 74' lang='lat' dir='ltr'><strong>gradum</strong></span> <span class='ocrx_word' id='word_1_238' title='bbox 690 496 771 514; x_wconf 80' lang='lat' dir='ltr'><strong>bonitatis,</strong></span> <span class='ocrx_word' id='word_1_239' title='bbox 780 496 850 512; x_wconf 80' lang='lat' dir='ltr'><strong>entitatis</strong></span> <span class='ocrx_word' id='word_1_240' title='bbox 859 498 875 512; x_wconf 77' lang='lat' dir='ltr'><strong>et</strong></span> <span class='ocrx_word' id='word_1_241' title='bbox 885 496 990 516; x_wconf 73' lang='lat' dir='ltr'><strong>perfectionis</strong></span> 
     </span>
     <span class='ocr_line' id='line_1_39' title="bbox 612 520 990 537; baseline 0 -1"><span class='ocrx_word' id='word_1_242' title='bbox 612 522 677 536; x_wconf 82' lang='lat' dir='ltr'><strong>arctata.</strong></span> <span class='ocrx_word' id='word_1_243' title='bbox 688 520 707 536; x_wconf 84' lang='lat' dir='ltr'><strong>Et</strong></span> <span class='ocrx_word' id='word_1_244' title='bbox 718 521 747 537; x_wconf 80' lang='lat' dir='ltr'><strong>hoc</strong></span> <span class='ocrx_word' id='word_1_245' title='bbox 758 525 790 537; x_wconf 91' lang='lat' dir='ltr'><strong>non</strong></span> <span class='ocrx_word' id='word_1_246' title='bbox 801 521 903 536; x_wconf 85' lang='lat' dir='ltr'><strong>attenderunt</strong></span> <span class='ocrx_word' id='word_1_247' title='bbox 913 520 990 536; x_wconf 70' lang='lat' dir='ltr'><strong>infideles</strong></span> 
     </span>
     <span class='ocr_line' id='line_1_40' title="bbox 613 545 989 566; baseline 0 -5"><span class='ocrx_word' id='word_1_248' title='bbox 613 550 665 565; x_wconf 81' lang='lat' dir='ltr'><strong>neque</strong></span> <span class='ocrx_word' id='word_1_249' title='bbox 675 545 771 566; x_wconf 72' lang='lat' dir='ltr'><strong>philosophi.</strong></span> <span class='ocrx_word' id='word_1_250' title='bbox 780 545 820 561; x_wconf 79' lang='lat' dir='ltr'><strong>Hinc</strong></span> <span class='ocrx_word' id='word_1_251' title='bbox 829 546 886 561; x_wconf 80' lang='lat' dir='ltr'><strong>asserit</strong></span> <span class='ocrx_word' id='word_1_252' title='bbox 893 545 989 564; x_wconf 73' lang='lat' dir='ltr'><strong>Alexander,</strong></span> 
     </span>
     <span class='ocr_line' id='line_1_41' title="bbox 612 570 991 590; baseline 0 -5"><span class='ocrx_word' id='word_1_253' title='bbox 612 570 654 590; x_wconf 86' lang='lat' dir='ltr'><strong>quod</strong></span> <span class='ocrx_word' id='word_1_254' title='bbox 665 570 749 585; x_wconf 82' lang='lat' dir='ltr'><strong>essentiam</strong></span> <span class='ocrx_word' id='word_1_255' title='bbox 760 572 806 590; x_wconf 77' lang='lat' dir='ltr'><strong>posse</strong></span> <span class='ocrx_word' id='word_1_256' title='bbox 816 570 890 590; x_wconf 86' lang='lat' dir='ltr'><strong>pluribus</strong></span> <span class='ocrx_word' id='word_1_257' title='bbox 899 570 991 586; x_wconf 84' lang='lat' dir='ltr'><strong>eommuni-</strong></span> 
     </span>
     <span class='ocr_line' id='line_1_42' title="bbox 613 594 990 615; baseline 0 -5"><span class='ocrx_word' id='word_1_258' title='bbox 613 594 651 613; x_wconf 75' lang='lat' dir='ltr'><strong>cari,</strong></span> <span class='ocrx_word' id='word_1_259' title='bbox 661 597 685 610; x_wconf 80' lang='lat' dir='ltr'><strong>est</strong></span> <span class='ocrx_word' id='word_1_260' title='bbox 696 594 809 615; x_wconf 82' lang='lat' dir='ltr'><strong>perlectionis;</strong></span> <span class='ocrx_word' id='word_1_261' title='bbox 819 595 846 610; x_wconf 87' lang='lat' dir='ltr'><strong>sed</strong></span> <span class='ocrx_word' id='word_1_262' title='bbox 859 595 910 615; x_wconf 89' lang='lat' dir='ltr'><strong>ipsam</strong></span> <span class='ocrx_word' id='word_1_263' title='bbox 921 594 990 610; x_wconf 75' lang='lat' dir='ltr'><strong>‹liversi-</strong></span> 
     </span>
     <span class='ocr_line' id='line_1_43' title="bbox 613 619 990 640; baseline 0.003 -6"><span class='ocrx_word' id='word_1_264' title='bbox 613 619 657 635; x_wconf 81' lang='lat' dir='ltr'><strong>t&#39;ieari</strong></span> <span class='ocrx_word' id='word_1_265' title='bbox 665 621 680 634; x_wconf 91' lang='lat' dir='ltr'><strong>et</strong></span> <span class='ocrx_word' id='word_1_266' title='bbox 688 619 791 640; x_wconf 74' lang='lat' dir='ltr'><strong>multiplicari</strong></span> <span class='ocrx_word' id='word_1_267' title='bbox 799 619 815 635; x_wconf 88' lang='lat' dir='ltr'><strong>in</strong></span> <span class='ocrx_word' id='word_1_268' title='bbox 824 619 849 635; x_wconf 81' lang='lat' dir='ltr'><strong>liis</strong></span> <span class='ocrx_word' id='word_1_269' title='bbox 857 619 914 639; x_wconf 77' lang='lat' dir='ltr'><strong>quibus</strong></span> <span class='ocrx_word' id='word_1_270' title='bbox 921 624 990 635; x_wconf 81' lang='lat' dir='ltr'><strong>cmnmu-</strong></span> 
     </span>
     <span class='ocr_line' id='line_1_44' title="bbox 613 643 990 664; baseline 0 -5"><span class='ocrx_word' id='word_1_271' title='bbox 613 644 681 662; x_wconf 80' lang='lat' dir='ltr'><strong>nicatur,</strong></span> <span class='ocrx_word' id='word_1_272' title='bbox 689 646 713 659; x_wconf 83' lang='lat' dir='ltr'><strong>est</strong></span> <span class='ocrx_word' id='word_1_273' title='bbox 720 643 846 664; x_wconf 79' lang='lat' dir='ltr'><strong>imperfectionis</strong></span> <span class='ocrx_word' id='word_1_274' title='bbox 855 648 859 659; x_wconf 77' lang='lat' dir='ltr'><strong>t</strong></span> <span class='ocrx_word' id='word_1_275' title='bbox 868 644 906 664; x_wconf 78' lang='lat' dir='ltr'><strong>quia</strong></span> <span class='ocrx_word' id='word_1_276' title='bbox 913 644 990 660; x_wconf 82' lang='lat' dir='ltr'><strong>videlicet</strong></span> 
     </span>
     <span class='ocr_line' id='line_1_45' title="bbox 613 668 989 689; baseline 0 -5"><span class='ocrx_word' id='word_1_277' title='bbox 613 673 642 689; x_wconf 81' lang='lat' dir='ltr'><strong>per</strong></span> <span class='ocrx_word' id='word_1_278' title='bbox 652 668 770 684; x_wconf 82' lang='lat' dir='ltr'><strong>individuantia</strong></span> <span class='ocrx_word' id='word_1_279' title='bbox 781 673 809 684; x_wconf 83' lang='lat' dir='ltr'><strong>seu</strong></span> <span class='ocrx_word' id='word_1_280' title='bbox 821 673 849 689; x_wconf 90' lang='lat' dir='ltr'><strong>per</strong></span> <span class='ocrx_word' id='word_1_281' title='bbox 860 668 959 684; x_wconf 72' lang='lat' dir='ltr'><strong>differentias</strong></span> <span class='ocrx_word' id='word_1_282' title='bbox 971 669 989 684; x_wconf 93' lang='lat' dir='ltr'><strong>in</strong></span> 
     </span>
     <span class='ocr_line' id='line_1_46' title="bbox 613 692 990 709; baseline 0 -1"><span class='ocrx_word' id='word_1_283' title='bbox 613 692 645 708; x_wconf 85' lang='lat' dir='ltr'><strong>illis</strong></span> <span class='ocrx_word' id='word_1_284' title='bbox 657 693 761 708; x_wconf 82' lang='lat' dir='ltr'><strong>contrahitur.</strong></span> <span class='ocrx_word' id='word_1_285' title='bbox 774 693 835 708; x_wconf 80' lang='lat' dir='ltr'><strong>Divinss</strong></span> <span class='ocrx_word' id='word_1_286' title='bbox 850 695 903 709; x_wconf 85' lang='lat' dir='ltr'><strong>autem</strong></span> <span class='ocrx_word' id='word_1_287' title='bbox 915 693 990 709; x_wconf 66' lang='lat' dir='ltr'><strong>essentias</strong></span> 
     </span>
     <span class='ocr_line' id='line_1_47' title="bbox 612 717 989 738; baseline 0 -5"><span class='ocrx_word' id='word_1_288' title='bbox 612 719 675 738; x_wconf 75' lang='lat' dir='ltr'><strong>oportet</strong></span> <span class='ocrx_word' id='word_1_289' title='bbox 687 717 777 733; x_wconf 73' lang='lat' dir='ltr'><strong>adscribere</strong></span> <span class='ocrx_word' id='word_1_290' title='bbox 789 722 853 733; x_wconf 87' lang='lat' dir='ltr'><strong>omnem</strong></span> <span class='ocrx_word' id='word_1_291' title='bbox 867 717 989 738; x_wconf 72' lang='lat' dir='ltr'><strong>perfectionem,</strong></span> 
     </span>
     <span class='ocr_line' id='line_1_48' title="bbox 612 742 989 763; baseline 0 -5"><span class='ocrx_word' id='word_1_292' title='bbox 612 744 628 758; x_wconf 82' lang='lat' dir='ltr'><strong>et</strong></span> <span class='ocrx_word' id='word_1_293' title='bbox 642 747 706 758; x_wconf 85' lang='lat' dir='ltr'><strong>omnem</strong></span> <span class='ocrx_word' id='word_1_294' title='bbox 721 742 859 763; x_wconf 65' lang='lat' dir='ltr'><strong>impedectionem</strong></span> <span class='ocrx_word' id='word_1_295' title='bbox 874 742 952 758; x_wconf 84' lang='lat' dir='ltr'><strong>removeri</strong></span> <span class='ocrx_word' id='word_1_296' title='bbox 967 743 989 758; x_wconf 85' lang='lat' dir='ltr'><strong>ab</strong></span> 
     </span>
    </p>
   </div>
   <div class='ocr_carea' id='block_1_9' title="bbox 210 766 990 787">
    <p class='ocr_par' dir='ltr' id='par_1_10' title="bbox 210 766 990 787">
     <span class='ocr_line' id='line_1_49' title="bbox 210 766 990 787; baseline 0.001 -6"><span class='ocrx_word' id='word_1_297' title='bbox 210 770 238 781; x_wconf 91' lang='lat' dir='ltr'><strong>seu</strong></span> <span class='ocrx_word' id='word_1_298' title='bbox 254 768 304 782; x_wconf 80' lang='lat' dir='ltr'><strong>totum</strong></span> <span class='ocrx_word' id='word_1_299' title='bbox 319 768 426 787; x_wconf 66' lang='lat' dir='ltr'><strong>aggregatum,</strong></span> <span class='ocrx_word' id='word_1_300' title='bbox 441 768 459 782; x_wconf 89' lang='lat' dir='ltr'><strong>ut</strong></span> <span class='ocrx_word' id='word_1_301' title='bbox 473 766 527 782; x_wconf 81' lang='lat' dir='ltr'><strong>verbis</strong></span> <span class='ocrx_word' id='word_1_302' title='bbox 542 766 585 782; x_wconf 89' lang='lat' dir='ltr'><strong>illius</strong></span> <span class='ocrx_word' id='word_1_303' title='bbox 594 767 605 783; x_wconf 86' lang='lat' dir='ltr'><strong>G</strong></span> <span class='ocrx_word' id='word_1_304' title='bbox 613 771 636 782; x_wconf 87' lang='lat' dir='ltr'><strong>ea.</strong></span> <span class='ocrx_word' id='word_1_305' title='bbox 645 766 720 785; x_wconf 80' lang='lat' dir='ltr'><strong>Quamvis</strong></span> <span class='ocrx_word' id='word_1_306' title='bbox 729 769 783 782; x_wconf 87' lang='lat' dir='ltr'><strong>autem</strong></span> <span class='ocrx_word' id='word_1_307' title='bbox 791 766 845 782; x_wconf 80' lang='lat' dir='ltr'><strong>divina</strong></span> <span class='ocrx_word' id='word_1_308' title='bbox 852 767 921 783; x_wconf 79' lang='lat' dir='ltr'><strong>essentia</strong></span> <span class='ocrx_word' id='word_1_309' title='bbox 928 767 949 783; x_wconf 82' lang='lat' dir='ltr'><strong>sit</strong></span> <span class='ocrx_word' id='word_1_310' title='bbox 956 772 990 783; x_wconf 84' lang='lat' dir='ltr'><strong>mo-</strong></span> 
     </span>
    </p>
   </div>
   <div class='ocr_carea' id='block_1_10' title="bbox 209 791 586 1058">
    <p class='ocr_par' dir='ltr' id='par_1_11' title="bbox 209 791 586 1058">
     <span class='ocr_line' id='line_1_50' title="bbox 210 791 586 812; baseline 0.003 -6"><span class='ocrx_word' id='word_1_311' title='bbox 210 791 274 812; x_wconf 84' lang='lat' dir='ltr'><strong>reprobi</strong></span> <span class='ocrx_word' id='word_1_312' title='bbox 286 793 327 810; x_wconf 87' lang='lat' dir='ltr'><strong>utar,</strong></span> <span class='ocrx_word' id='word_1_313' title='bbox 338 793 376 806; x_wconf 85' lang='lat' dir='ltr'><strong>sunt</strong></span> <span class='ocrx_word' id='word_1_314' title='bbox 387 796 418 806; x_wconf 86' lang='lat' dir='ltr'><strong>una</strong></span> <span class='ocrx_word' id='word_1_315' title='bbox 430 796 454 807; x_wconf 84' lang='lat' dir='ltr'><strong>res</strong></span> <span class='ocrx_word' id='word_1_316' title='bbox 466 796 539 812; x_wconf 84' lang='lat' dir='ltr'><strong>unusque</strong></span> <span class='ocrx_word' id='word_1_317' title='bbox 549 791 586 807; x_wconf 81' lang='lat' dir='ltr'><strong>sub-</strong></span> 
     </span>
     <span class='ocr_line' id='line_1_51' title="bbox 210 816 585 834; baseline 0 -3"><span class='ocrx_word' id='word_1_318' title='bbox 210 816 267 832; x_wconf 75' lang='lat' dir='ltr'><strong>sistens</strong></span> <span class='ocrx_word' id='word_1_319' title='bbox 278 816 318 831; x_wconf 85' lang='lat' dir='ltr'><strong>Deus</strong></span> <span class='ocrx_word' id='word_1_320' title='bbox 328 818 344 831; x_wconf 89' lang='lat' dir='ltr'><strong>et</strong></span> <span class='ocrx_word' id='word_1_321' title='bbox 355 820 386 831; x_wconf 88' lang='lat' dir='ltr'><strong>uua</strong></span> <span class='ocrx_word' id='word_1_322' title='bbox 396 816 465 831; x_wconf 82' lang='lat' dir='ltr'><strong>essentia</strong></span> <span class='ocrx_word' id='word_1_323' title='bbox 476 816 545 834; x_wconf 86' lang='lat' dir='ltr'><strong>realiter,</strong></span> <span class='ocrx_word' id='word_1_324' title='bbox 554 820 585 832; x_wconf 85' lang='lat' dir='ltr'><strong>non</strong></span> 
     </span>
     <span class='ocr_line' id='line_1_52' title="bbox 210 840 585 861; baseline 0 -5"><span class='ocrx_word' id='word_1_325' title='bbox 210 840 336 856; x_wconf 79' lang='lat' dir='ltr'><strong>intentionaliter</strong></span> <span class='ocrx_word' id='word_1_326' title='bbox 346 843 373 856; x_wconf 83' lang='lat' dir='ltr'><strong>aut</strong></span> <span class='ocrx_word' id='word_1_327' title='bbox 383 840 438 861; x_wconf 76' lang='lat' dir='ltr'><strong>logice,</strong></span> <span class='ocrx_word' id='word_1_328' title='bbox 447 841 534 856; x_wconf 82' lang='lat' dir='ltr'><strong>secundum</strong></span> <span class='ocrx_word' id='word_1_329' title='bbox 543 841 585 861; x_wconf 81' lang='lat' dir='ltr'><strong>quod</strong></span> 
     </span>
     <span class='ocr_line' id='line_1_53' title="bbox 210 865 586 886; baseline -0.003 -5"><span class='ocrx_word' id='word_1_330' title='bbox 210 867 274 881; x_wconf 81' lang='lat' dir='ltr'><strong>sanctus</strong></span> <span class='ocrx_word' id='word_1_331' title='bbox 285 866 341 881; x_wconf 82' lang='lat' dir='ltr'><strong>asserit</strong></span> <span class='ocrx_word' id='word_1_332' title='bbox 352 865 454 885; x_wconf 78' lang='lat' dir='ltr'><strong>Augustinus,</strong></span> <span class='ocrx_word' id='word_1_333' title='bbox 463 865 505 886; x_wconf 84' lang='lat' dir='ltr'><strong>quod</strong></span> <span class='ocrx_word' id='word_1_334' title='bbox 515 865 561 881; x_wconf 79' lang='lat' dir='ltr'><strong>Pater</strong></span> <span class='ocrx_word' id='word_1_335' title='bbox 570 867 586 881; x_wconf 82' lang='lat' dir='ltr'><strong>et</strong></span> 
     </span>
     <span class='ocr_line' id='line_1_54' title="bbox 210 889 586 911; baseline -0.003 -5"><span class='ocrx_word' id='word_1_336' title='bbox 210 890 260 906; x_wconf 73' lang='lat' dir='ltr'><strong>Filius</strong></span> <span class='ocrx_word' id='word_1_337' title='bbox 269 892 285 906; x_wconf 80' lang='lat' dir='ltr'><strong>et</strong></span> <span class='ocrx_word' id='word_1_338' title='bbox 294 890 363 911; x_wconf 80' lang='lat' dir='ltr'><strong>Spiritus</strong></span> <span class='ocrx_word' id='word_1_339' title='bbox 375 889 442 906; x_wconf 81' lang='lat' dir='ltr'><strong>Sanetus</strong></span> <span class='ocrx_word' id='word_1_340' title='bbox 452 892 490 905; x_wconf 85' lang='lat' dir='ltr'><strong>sunt</strong></span> <span class='ocrx_word' id='word_1_341' title='bbox 500 894 532 905; x_wconf 88' lang='lat' dir='ltr'><strong>una</strong></span> <span class='ocrx_word' id='word_1_342' title='bbox 543 894 586 905; x_wconf 88' lang='lat' dir='ltr'><strong>sum-</strong></span> 
     </span>
     <span class='ocr_line' id='line_1_55' title="bbox 210 914 584 935; baseline 0 -5"><span class='ocrx_word' id='word_1_343' title='bbox 210 919 236 930; x_wconf 84' lang='lat' dir='ltr'><strong>ma</strong></span> <span class='ocrx_word' id='word_1_344' title='bbox 248 919 278 933; x_wconf 82' lang='lat' dir='ltr'><strong>ros,</strong></span> <span class='ocrx_word' id='word_1_345' title='bbox 286 916 341 935; x_wconf 77' lang='lat' dir='ltr'><strong>utpote</strong></span> <span class='ocrx_word' id='word_1_346' title='bbox 351 919 392 930; x_wconf 89' lang='lat' dir='ltr'><strong>unus</strong></span> <span class='ocrx_word' id='word_1_347' title='bbox 402 914 443 930; x_wconf 86' lang='lat' dir='ltr'><strong>Deus</strong></span> <span class='ocrx_word' id='word_1_348' title='bbox 450 914 584 933; x_wconf 79' lang='lat' dir='ltr'><strong>exsistentialiter,</strong></span> 
     </span>
     <span class='ocr_line' id='line_1_56' title="bbox 210 939 585 960; baseline -0.003 -5"><span class='ocrx_word' id='word_1_349' title='bbox 210 944 241 955; x_wconf 91' lang='lat' dir='ltr'><strong>non</strong></span> <span class='ocrx_word' id='word_1_350' title='bbox 250 944 279 960; x_wconf 83' lang='lat' dir='ltr'><strong>per</strong></span> <span class='ocrx_word' id='word_1_351' title='bbox 286 939 414 955; x_wconf 74' lang='lat' dir='ltr'><strong>abstractionem.</strong></span> <span class='ocrx_word' id='word_1_352' title='bbox 423 939 463 955; x_wconf 84' lang='lat' dir='ltr'><strong>Sunt</strong></span> <span class='ocrx_word' id='word_1_353' title='bbox 471 939 545 960; x_wconf 82' lang='lat' dir='ltr'><strong>equidem</strong></span> <span class='ocrx_word' id='word_1_354' title='bbox 554 941 585 954; x_wconf 79' lang='lat' dir='ltr'><strong>tres</strong></span> 
     </span>
     <span class='ocr_line' id='line_1_57' title="bbox 210 964 586 985; baseline -0.003 -5"><span class='ocrx_word' id='word_1_355' title='bbox 210 969 235 980; x_wconf 81' lang='lat' dir='ltr'><strong>res</strong></span> <span class='ocrx_word' id='word_1_356' title='bbox 246 964 343 985; x_wconf 75' lang='lat' dir='ltr'><strong>respectivae,</strong></span> <span class='ocrx_word' id='word_1_357' title='bbox 352 966 367 979; x_wconf 90' lang='lat' dir='ltr'><strong>et</strong></span> <span class='ocrx_word' id='word_1_358' title='bbox 376 968 407 979; x_wconf 88' lang='lat' dir='ltr'><strong>una</strong></span> <span class='ocrx_word' id='word_1_359' title='bbox 418 968 443 979; x_wconf 80' lang='lat' dir='ltr'><strong>res</strong></span> <span class='ocrx_word' id='word_1_360' title='bbox 451 964 529 982; x_wconf 78' lang='lat' dir='ltr'><strong>absoluta,</strong></span> <span class='ocrx_word' id='word_1_361' title='bbox 538 966 586 984; x_wconf 86' lang='lat' dir='ltr'><strong>prout</strong></span> 
     </span>
     <span class='ocr_line' id='line_1_58' title="bbox 210 988 585 1008; baseline 0 -4"><span class='ocrx_word' id='word_1_362' title='bbox 210 989 240 1005; x_wconf 77' lang='lat' dir='ltr'><strong>linc</strong></span> <span class='ocrx_word' id='word_1_363' title='bbox 252 989 294 1004; x_wconf 74' lang='lat' dir='ltr'><strong>infra</strong></span> <span class='ocrx_word' id='word_1_364' title='bbox 308 988 408 1004; x_wconf 72' lang='lat' dir='ltr'><strong>tractabitur.</strong></span> <span class='ocrx_word' id='word_1_365' title='bbox 422 988 472 1008; x_wconf 80' lang='lat' dir='ltr'><strong>Hujus</strong></span> <span class='ocrx_word' id='word_1_366' title='bbox 487 990 540 1004; x_wconf 77' lang='lat' dir='ltr'><strong>tamon</strong></span> <span class='ocrx_word' id='word_1_367' title='bbox 553 993 585 1004; x_wconf 85' lang='lat' dir='ltr'><strong>non</strong></span> 
     </span>
     <span class='ocr_line' id='line_1_59' title="bbox 210 1013 584 1033; baseline -0.003 -4"><span class='ocrx_word' id='word_1_368' title='bbox 210 1013 291 1029; x_wconf 86' lang='lat' dir='ltr'><strong>invenitur</strong></span> <span class='ocrx_word' id='word_1_369' title='bbox 303 1018 332 1033; x_wconf 72' lang='grc' dir='ltr'><strong>μοι·</strong></span> <span class='ocrx_word' id='word_1_370' title='bbox 344 1013 397 1029; x_wconf 87' lang='lat' dir='ltr'><strong>omnia</strong></span> <span class='ocrx_word' id='word_1_371' title='bbox 409 1013 462 1028; x_wconf 81' lang='lat' dir='ltr'><strong>simile</strong></span> <span class='ocrx_word' id='word_1_372' title='bbox 475 1013 490 1028; x_wconf 92' lang='lat' dir='ltr'><strong>in</strong></span> <span class='ocrx_word' id='word_1_373' title='bbox 502 1013 584 1028; x_wconf 83' lang='lat' dir='ltr'><strong>creaturis.</strong></span> 
     </span>
     <span class='ocr_line' id='line_1_60' title="bbox 209 1037 586 1058; baseline -0.003 -4"><span class='ocrx_word' id='word_1_374' title='bbox 209 1038 241 1054; x_wconf 73' lang='lat' dir='ltr'><strong>Noe</strong></span> <span class='ocrx_word' id='word_1_375' title='bbox 251 1038 315 1056; x_wconf 84' lang='lat' dir='ltr'><strong>mirum,</strong></span> <span class='ocrx_word' id='word_1_376' title='bbox 324 1042 374 1058; x_wconf 87' lang='lat' dir='ltr'><strong>quum</strong></span> <span class='ocrx_word' id='word_1_377' title='bbox 385 1039 437 1053; x_wconf 83' lang='lat' dir='ltr'><strong>creata</strong></span> <span class='ocrx_word' id='word_1_378' title='bbox 448 1037 516 1053; x_wconf 82' lang='lat' dir='ltr'><strong>essentia</strong></span> <span class='ocrx_word' id='word_1_379' title='bbox 527 1037 586 1053; x_wconf 81' lang='lat' dir='ltr'><strong>increa-</strong></span> 
     </span>
    </p>
   </div>
   <div class='ocr_carea' id='block_1_11' title="bbox 612 791 990 1056">
    <p class='ocr_par' dir='ltr' id='par_1_12' title="bbox 612 791 990 930">
     <span class='ocr_line' id='line_1_61' title="bbox 612 791 990 812; baseline 0 -5"><span class='ocrx_word' id='word_1_380' title='bbox 612 792 633 807; x_wconf 91' lang='lat' dir='ltr'><strong>do</strong></span> <span class='ocrx_word' id='word_1_381' title='bbox 641 791 674 812; x_wconf 80' lang='lat' dir='ltr'><strong>jam</strong></span> <span class='ocrx_word' id='word_1_382' title='bbox 685 793 727 807; x_wconf 77' lang='lat' dir='ltr'><strong>tacto</strong></span> <span class='ocrx_word' id='word_1_383' title='bbox 735 796 807 812; x_wconf 81' lang='lat' dir='ltr'><strong>persona,</strong></span> <span class='ocrx_word' id='word_1_384' title='bbox 816 796 847 807; x_wconf 91' lang='lat' dir='ltr'><strong>non</strong></span> <span class='ocrx_word' id='word_1_385' title='bbox 858 794 911 807; x_wconf 78' lang='lat' dir='ltr'><strong>tomen</strong></span> <span class='ocrx_word' id='word_1_386' title='bbox 921 794 945 807; x_wconf 85' lang='lat' dir='ltr'><strong>est</strong></span> <span class='ocrx_word' id='word_1_387' title='bbox 952 796 990 808; x_wconf 85' lang='lat' dir='ltr'><strong>con-</strong></span> 
     </span>
     <span class='ocr_line' id='line_1_62' title="bbox 613 816 989 837; baseline 0.003 -6"><span class='ocrx_word' id='word_1_388' title='bbox 613 816 701 832; x_wconf 74' lang='lat' dir='ltr'><strong>cedendum</strong></span> <span class='ocrx_word' id='word_1_389' title='bbox 714 816 756 837; x_wconf 73' lang='lat' dir='ltr'><strong>quod</strong></span> <span class='ocrx_word' id='word_1_390' title='bbox 772 816 788 832; x_wconf 84' lang='lat' dir='ltr'><strong>in</strong></span> <span class='ocrx_word' id='word_1_391' title='bbox 800 816 859 832; x_wconf 85' lang='lat' dir='ltr'><strong>divinis</strong></span> <span class='ocrx_word' id='word_1_392' title='bbox 874 816 906 832; x_wconf 80' lang='lat' dir='ltr'><strong>sint</strong></span> <span class='ocrx_word' id='word_1_393' title='bbox 919 819 989 837; x_wconf 77' lang='lat' dir='ltr'><strong>quatuor</strong></span> 
     </span>
     <span class='ocr_line' id='line_1_63' title="bbox 613 840 989 861; baseline 0 -5"><span class='ocrx_word' id='word_1_394' title='bbox 613 845 685 861; x_wconf 63' lang='lat' dir='ltr'><strong>personna</strong></span> <span class='ocrx_word' id='word_1_395' title='bbox 698 845 701 856; x_wconf 79' lang='grc' dir='ltr'><em>ι</em></span> <span class='ocrx_word' id='word_1_396' title='bbox 714 841 752 861; x_wconf 79' lang='lat' dir='ltr'><strong>quia</strong></span> <span class='ocrx_word' id='word_1_397' title='bbox 767 840 821 856; x_wconf 80' lang='lat' dir='ltr'><strong>divina</strong></span> <span class='ocrx_word' id='word_1_398' title='bbox 836 840 905 856; x_wconf 80' lang='lat' dir='ltr'><strong>essentia</strong></span> <span class='ocrx_word' id='word_1_399' title='bbox 920 845 951 856; x_wconf 85' lang='lat' dir='ltr'><strong>non</strong></span> <span class='ocrx_word' id='word_1_400' title='bbox 964 843 989 857; x_wconf 81' lang='lat' dir='ltr'><strong>est</strong></span> 
     </span>
     <span class='ocr_line' id='line_1_64' title="bbox 613 865 988 886; baseline 0 -5"><span class='ocrx_word' id='word_1_401' title='bbox 613 867 657 881; x_wconf 80' lang='lat' dir='ltr'><strong>extra</strong></span> <span class='ocrx_word' id='word_1_402' title='bbox 665 867 697 881; x_wconf 79' lang='lat' dir='ltr'><strong>tres</strong></span> <span class='ocrx_word' id='word_1_403' title='bbox 705 870 780 886; x_wconf 73' lang='lat' dir='ltr'><strong>personas</strong></span> <span class='ocrx_word' id='word_1_404' title='bbox 787 865 881 884; x_wconf 74' lang='lat' dir='ltr'><strong>subsistens,</strong></span> <span class='ocrx_word' id='word_1_405' title='bbox 890 870 919 881; x_wconf 76' lang='lat' dir='ltr'><strong>noe</strong></span> <span class='ocrx_word' id='word_1_406' title='bbox 927 865 947 881; x_wconf 87' lang='lat' dir='ltr'><strong>ab</strong></span> <span class='ocrx_word' id='word_1_407' title='bbox 955 865 988 881; x_wconf 86' lang='lat' dir='ltr'><strong>ulla</strong></span> 
     </span>
     <span class='ocr_line' id='line_1_65' title="bbox 613 890 988 910; baseline 0 -5"><span class='ocrx_word' id='word_1_408' title='bbox 613 894 673 908; x_wconf 73' lang='lat' dir='ltr'><strong>esrum,</strong></span> <span class='ocrx_word' id='word_1_409' title='bbox 690 894 741 910; x_wconf 90' lang='lat' dir='ltr'><strong>neque</strong></span> <span class='ocrx_word' id='word_1_410' title='bbox 757 895 766 905; x_wconf 85' lang='lat' dir='ltr'><strong>a</strong></span> <span class='ocrx_word' id='word_1_411' title='bbox 782 890 834 905; x_wconf 90' lang='lat' dir='ltr'><strong>tribus</strong></span> <span class='ocrx_word' id='word_1_412' title='bbox 849 890 897 905; x_wconf 89' lang='lat' dir='ltr'><strong>simul</strong></span> <span class='ocrx_word' id='word_1_413' title='bbox 913 890 988 906; x_wconf 77' lang='lat' dir='ltr'><strong>distincta</strong></span> 
     </span>
     <span class='ocr_line' id='line_1_66' title="bbox 613 914 682 930; baseline -0.014 0"><span class='ocrx_word' id='word_1_414' title='bbox 613 914 682 930; x_wconf 80' lang='lat' dir='ltr'><strong>realiter.</strong></span> 
     </span>
    </p>

    <p class='ocr_par' dir='ltr' id='par_1_13' title="bbox 612 938 989 1056">
     <span class='ocr_line' id='line_1_67' title="bbox 633 938 988 959; baseline 0 -5"><span class='ocrx_word' id='word_1_415' title='bbox 633 939 655 954; x_wconf 77' lang='lat' dir='ltr'><strong>Ad</strong></span> <span class='ocrx_word' id='word_1_416' title='bbox 667 940 728 954; x_wconf 85' lang='lat' dir='ltr'><strong>sextam</strong></span> <span class='ocrx_word' id='word_1_417' title='bbox 739 938 831 957; x_wconf 88' lang='lat' dir='ltr'><strong>dicendum,</strong></span> <span class='ocrx_word' id='word_1_418' title='bbox 842 938 883 959; x_wconf 79' lang='lat' dir='ltr'><strong>quod</strong></span> <span class='ocrx_word' id='word_1_419' title='bbox 894 940 927 954; x_wconf 80' lang='lat' dir='ltr'><strong>tam</strong></span> <span class='ocrx_word' id='word_1_420' title='bbox 938 939 988 954; x_wconf 85' lang='lat' dir='ltr'><strong>Filius</strong></span> 
     </span>
     <span class='ocr_line' id='line_1_68' title="bbox 613 963 987 984; baseline 0.003 -6"><span class='ocrx_word' id='word_1_421' title='bbox 613 968 661 984; x_wconf 81' lang='lat' dir='ltr'><strong>quam</strong></span> <span class='ocrx_word' id='word_1_422' title='bbox 672 963 741 984; x_wconf 86' lang='lat' dir='ltr'><strong>Spiritus</strong></span> <span class='ocrx_word' id='word_1_423' title='bbox 753 963 825 982; x_wconf 73' lang='lat' dir='ltr'><strong>Sanetus,</strong></span> <span class='ocrx_word' id='word_1_424' title='bbox 834 965 858 979; x_wconf 78' lang='lat' dir='ltr'><strong>est</strong></span> <span class='ocrx_word' id='word_1_425' title='bbox 867 968 895 979; x_wconf 88' lang='lat' dir='ltr'><strong>ens</strong></span> <span class='ocrx_word' id='word_1_426' title='bbox 904 965 987 982; x_wconf 63' lang='lat' dir='ltr'><strong>aternum,</strong></span> 
     </span>
     <span class='ocr_line' id='line_1_69' title="bbox 613 987 989 1009; baseline 0 -6"><span class='ocrx_word' id='word_1_427' title='bbox 613 987 701 1008; x_wconf 76' lang='lat' dir='ltr'><strong>perlectum</strong></span> <span class='ocrx_word' id='word_1_428' title='bbox 713 990 729 1003; x_wconf 78' lang='lat' dir='ltr'><strong>et</strong></span> <span class='ocrx_word' id='word_1_429' title='bbox 741 988 855 1008; x_wconf 78' lang='lat' dir='ltr'><strong>independens,</strong></span> <span class='ocrx_word' id='word_1_430' title='bbox 866 988 940 1008; x_wconf 77' lang='lat' dir='ltr'><strong>quamvis</strong></span> <span class='ocrx_word' id='word_1_431' title='bbox 953 992 989 1009; x_wconf 81' lang='lat' dir='ltr'><strong>pro-</strong></span> 
     </span>
     <span class='ocr_line' id='line_1_70' title="bbox 612 1012 989 1033; baseline 0 -5"><span class='ocrx_word' id='word_1_432' title='bbox 612 1012 678 1028; x_wconf 88' lang='lat' dir='ltr'><strong>ductum</strong></span> <span class='ocrx_word' id='word_1_433' title='bbox 687 1017 691 1028; x_wconf 87' lang='lat'>:</span> <span class='ocrx_word' id='word_1_434' title='bbox 700 1012 776 1033; x_wconf 80' lang='lat' dir='ltr'><strong>quoniam</strong></span> <span class='ocrx_word' id='word_1_435' title='bbox 785 1012 805 1028; x_wconf 81' lang='lat' dir='ltr'><strong>ab</strong></span> <span class='ocrx_word' id='word_1_436' title='bbox 816 1012 916 1028; x_wconf 84' lang='lat' dir='ltr'><strong>emanatione</strong></span> <span class='ocrx_word' id='word_1_437' title='bbox 926 1014 942 1028; x_wconf 84' lang='lat' dir='ltr'><strong>ot</strong></span> <span class='ocrx_word' id='word_1_438' title='bbox 953 1017 989 1033; x_wconf 85' lang='lat' dir='ltr'><strong>pro-</strong></span> 
     </span>
     <span class='ocr_line' id='line_1_71' title="bbox 612 1037 988 1056; baseline 0 -3"><span class='ocrx_word' id='word_1_439' title='bbox 612 1037 688 1053; x_wconf 86' lang='lat' dir='ltr'><strong>ductione</strong></span> <span class='ocrx_word' id='word_1_440' title='bbox 700 1037 755 1053; x_wconf 78' lang='lat' dir='ltr'><strong>divina</strong></span> <span class='ocrx_word' id='word_1_441' title='bbox 766 1037 785 1053; x_wconf 82' lang='lat' dir='ltr'><strong>ad</strong></span> <span class='ocrx_word' id='word_1_442' title='bbox 799 1037 846 1056; x_wconf 69' lang='lat' dir='ltr'><strong>intra,</strong></span> <span class='ocrx_word' id='word_1_443' title='bbox 857 1037 953 1053; x_wconf 81' lang='lat' dir='ltr'><strong>removenda</strong></span> <span class='ocrx_word' id='word_1_444' title='bbox 965 1039 988 1053; x_wconf 77' lang='lat' dir='ltr'><strong>est</strong></span> 
     </span>
    </p>
   </div>
   <div class='ocr_carea' id='block_1_12' title="bbox 210 1062 989 1083">
    <p class='ocr_par' dir='ltr' id='par_1_14' title="bbox 210 1062 989 1083">
     <span class='ocr_line' id='line_1_72' title="bbox 210 1062 989 1083; baseline -0.001 -5"><span class='ocrx_word' id='word_1_445' title='bbox 210 1065 230 1078; x_wconf 64' lang='grc' dir='ltr'><strong>ιε</strong></span> <span class='ocrx_word' id='word_1_446' title='bbox 242 1062 314 1078; x_wconf 63' lang='lat' dir='ltr'><strong>essentia</strong></span> <span class='ocrx_word' id='word_1_447' title='bbox 330 1062 443 1083; x_wconf 77' lang='lat' dir='ltr'><strong>perfectionem</strong></span> <span class='ocrx_word' id='word_1_448' title='bbox 460 1062 507 1083; x_wconf 79' lang='lat' dir='ltr'><strong>plene</strong></span> <span class='ocrx_word' id='word_1_449' title='bbox 519 1062 584 1081; x_wconf 85' lang='lat' dir='ltr'><strong>imitari,</strong></span> <span class='ocrx_word' id='word_1_450' title='bbox 593 1063 605 1078; x_wconf 90' lang='lat' dir='ltr'>D</span> <span class='ocrx_word' id='word_1_451' title='bbox 613 1062 665 1078; x_wconf 86' lang='lat' dir='ltr'><strong>omuis</strong></span> <span class='ocrx_word' id='word_1_452' title='bbox 676 1062 777 1082; x_wconf 73' lang='lat' dir='ltr'><strong>imperfectio</strong></span> <span class='ocrx_word' id='word_1_453' title='bbox 788 1066 849 1078; x_wconf 81' lang='lat' dir='ltr'><strong>annexa</strong></span> <span class='ocrx_word' id='word_1_454' title='bbox 860 1062 989 1078; x_wconf 77' lang='lat' dir='ltr'><strong>emanationibus</strong></span> 
     </span>
    </p>
   </div>
   <div class='ocr_carea' id='block_1_13' title="bbox 209 1087 587 1354">
    <p class='ocr_par' dir='ltr' id='par_1_15' title="bbox 209 1087 586 1305">
     <span class='ocr_line' id='line_1_73' title="bbox 210 1087 584 1108; baseline 0 -6"><span class='ocrx_word' id='word_1_455' title='bbox 210 1087 311 1108; x_wconf 79' lang='lat' dir='ltr'><strong>participare,</strong></span> <span class='ocrx_word' id='word_1_456' title='bbox 322 1089 350 1102; x_wconf 78' lang='lat' dir='ltr'><strong>aut</strong></span> <span class='ocrx_word' id='word_1_457' title='bbox 360 1089 474 1107; x_wconf 69' lang='lat' dir='ltr'><strong>repraesentare</strong></span> <span class='ocrx_word' id='word_1_458' title='bbox 485 1091 516 1102; x_wconf 89' lang='lat' dir='ltr'><strong>non</strong></span> <span class='ocrx_word' id='word_1_459' title='bbox 527 1087 584 1105; x_wconf 83' lang='lat' dir='ltr'><strong>valeat,</strong></span> 
     </span>
     <span class='ocr_line' id='line_1_74' title="bbox 210 1111 586 1130; baseline 0 -3"><span class='ocrx_word' id='word_1_460' title='bbox 210 1112 242 1128; x_wconf 87' lang='lat' dir='ltr'><strong>imo</strong></span> <span class='ocrx_word' id='word_1_461' title='bbox 250 1114 268 1127; x_wconf 88' lang='lat' dir='ltr'><strong>ut</strong></span> <span class='ocrx_word' id='word_1_462' title='bbox 278 1114 337 1127; x_wconf 80' lang='lat' dir='ltr'><strong>tactum</strong></span> <span class='ocrx_word' id='word_1_463' title='bbox 345 1114 373 1130; x_wconf 80' lang='lat' dir='ltr'><strong>est,</strong></span> <span class='ocrx_word' id='word_1_464' title='bbox 383 1112 399 1127; x_wconf 91' lang='lat' dir='ltr'><strong>in</strong></span> <span class='ocrx_word' id='word_1_465' title='bbox 410 1111 493 1127; x_wconf 75' lang='lat' dir='ltr'><strong>infinitum</strong></span> <span class='ocrx_word' id='word_1_466' title='bbox 503 1112 540 1127; x_wconf 80' lang='lat' dir='ltr'><strong>inde</strong></span> <span class='ocrx_word' id='word_1_467' title='bbox 547 1111 586 1127; x_wconf 77' lang='lat' dir='ltr'><strong>desi-</strong></span> 
     </span>
     <span class='ocr_line' id='line_1_75' title="bbox 210 1136 586 1157; baseline 0 -5"><span class='ocrx_word' id='word_1_468' title='bbox 210 1137 246 1152; x_wconf 85' lang='lat' dir='ltr'><strong>ciat.</strong></span> <span class='ocrx_word' id='word_1_469' title='bbox 260 1136 319 1152; x_wconf 82' lang='lat' dir='ltr'><strong>idcirco</strong></span> <span class='ocrx_word' id='word_1_470' title='bbox 333 1136 396 1157; x_wconf 83' lang='lat' dir='ltr'><strong>decepti</strong></span> <span class='ocrx_word' id='word_1_471' title='bbox 410 1138 447 1152; x_wconf 83' lang='lat' dir='ltr'><strong>sunt</strong></span> <span class='ocrx_word' id='word_1_472' title='bbox 459 1138 475 1152; x_wconf 86' lang='lat' dir='ltr'><strong>et</strong></span> <span class='ocrx_word' id='word_1_473' title='bbox 489 1136 586 1152; x_wconf 68' lang='lat' dir='ltr'><strong>mter-naliter</strong></span> 
     </span>
     <span class='ocr_line' id='line_1_76' title="bbox 210 1160 586 1182; baseline 0 -6"><span class='ocrx_word' id='word_1_474' title='bbox 210 1161 297 1182; x_wconf 79' lang='lat' dir='ltr'><strong>perierunt,</strong></span> <span class='ocrx_word' id='word_1_475' title='bbox 308 1161 336 1181; x_wconf 83' lang='lat' dir='ltr'><strong>qui</strong></span> <span class='ocrx_word' id='word_1_476' title='bbox 348 1161 364 1176; x_wconf 88' lang='lat' dir='ltr'><strong>in</strong></span> <span class='ocrx_word' id='word_1_477' title='bbox 375 1161 399 1176; x_wconf 87' lang='lat' dir='ltr'><strong>his</strong></span> <span class='ocrx_word' id='word_1_478' title='bbox 409 1165 445 1181; x_wconf 78' lang='lat' dir='ltr'><strong>quae</strong></span> <span class='ocrx_word' id='word_1_479' title='bbox 456 1160 494 1176; x_wconf 79' lang='lat' dir='ltr'><strong>fidei</strong></span> <span class='ocrx_word' id='word_1_480' title='bbox 505 1163 548 1180; x_wconf 84' lang='lat' dir='ltr'><strong>sunt,</strong></span> <span class='ocrx_word' id='word_1_481' title='bbox 559 1165 586 1177; x_wconf 50' lang='lat' dir='ltr'><strong>vt&gt;</strong></span> 
     </span>
     <span class='ocr_line' id='line_1_77' title="bbox 210 1185 585 1206; baseline 0 -5"><span class='ocrx_word' id='word_1_482' title='bbox 210 1186 275 1201; x_wconf 84' lang='lat' dir='ltr'><strong>luerunt</strong></span> <span class='ocrx_word' id='word_1_483' title='bbox 284 1190 303 1201; x_wconf 81' lang='lat' dir='ltr'><strong>ex</strong></span> <span class='ocrx_word' id='word_1_484' title='bbox 313 1186 390 1201; x_wconf 79' lang='lat' dir='ltr'><strong>creaturis</strong></span> <span class='ocrx_word' id='word_1_485' title='bbox 401 1185 504 1201; x_wconf 78' lang='lat' dir='ltr'><strong>immoderate</strong></span> <span class='ocrx_word' id='word_1_486' title='bbox 513 1185 585 1206; x_wconf 81' lang='lat' dir='ltr'><strong>judicare</strong></span> 
     </span>
     <span class='ocr_line' id='line_1_78' title="bbox 209 1209 586 1226; baseline -0.003 0"><span class='ocrx_word' id='word_1_487' title='bbox 209 1211 229 1226; x_wconf 73' lang='lat' dir='ltr'><strong>de</strong></span> <span class='ocrx_word' id='word_1_488' title='bbox 239 1210 317 1226; x_wconf 76' lang='lat' dir='ltr'><strong>Greetore.</strong></span> <span class='ocrx_word' id='word_1_489' title='bbox 325 1209 437 1225; x_wconf 80' lang='lat' dir='ltr'><strong>Verumtamcn</strong></span> <span class='ocrx_word' id='word_1_490' title='bbox 449 1210 465 1225; x_wconf 92' lang='lat' dir='ltr'><strong>in</strong></span> <span class='ocrx_word' id='word_1_491' title='bbox 476 1210 554 1225; x_wconf 83' lang='lat' dir='ltr'><strong>creaturis</strong></span> <span class='ocrx_word' id='word_1_492' title='bbox 564 1210 586 1226; x_wconf 92' lang='lat' dir='ltr'><strong>in-</strong></span> 
     </span>
     <span class='ocr_line' id='line_1_79' title="bbox 209 1234 585 1255; baseline 0 -5"><span class='ocrx_word' id='word_1_493' title='bbox 209 1235 274 1251; x_wconf 81' lang='lat' dir='ltr'><strong>venitur</strong></span> <span class='ocrx_word' id='word_1_494' title='bbox 282 1234 373 1255; x_wconf 77' lang='lat' dir='ltr'><strong>aliqualiter</strong></span> <span class='ocrx_word' id='word_1_495' title='bbox 382 1234 435 1250; x_wconf 86' lang='lat' dir='ltr'><strong>simile</strong></span> <span class='ocrx_word' id='word_1_496' title='bbox 445 1234 499 1254; x_wconf 72' lang='lat' dir='ltr'><strong>hujus,</strong></span> <span class='ocrx_word' id='word_1_497' title='bbox 508 1239 558 1254; x_wconf 87' lang='lat' dir='ltr'><strong>quum</strong></span> <span class='ocrx_word' id='word_1_498' title='bbox 569 1235 585 1250; x_wconf 96' lang='lat' dir='ltr'><strong>in</strong></span> 
     </span>
     <span class='ocr_line' id='line_1_80' title="bbox 210 1259 585 1279; baseline -0.005 -3"><span class='ocrx_word' id='word_1_499' title='bbox 210 1260 257 1276; x_wconf 83' lang='lat' dir='ltr'><strong>rebus</strong></span> <span class='ocrx_word' id='word_1_500' title='bbox 268 1259 326 1275; x_wconf 78' lang='lat' dir='ltr'><strong>creatis</strong></span> <span class='ocrx_word' id='word_1_501' title='bbox 333 1259 416 1275; x_wconf 78' lang='lat' dir='ltr'><strong>videamus</strong></span> <span class='ocrx_word' id='word_1_502' title='bbox 426 1259 480 1279; x_wconf 81' lang='lat' dir='ltr'><strong>aliqua</strong></span> <span class='ocrx_word' id='word_1_503' title='bbox 489 1263 523 1274; x_wconf 82' lang='lat' dir='ltr'><strong>esse</strong></span> <span class='ocrx_word' id='word_1_504' title='bbox 530 1259 585 1275; x_wconf 78' lang='lat' dir='ltr'><strong>eadem</strong></span> 
     </span>
     <span class='ocr_line' id='line_1_81' title="bbox 209 1284 405 1305; baseline -0.005 -5"><span class='ocrx_word' id='word_1_505' title='bbox 209 1289 272 1305; x_wconf 72' lang='lat' dir='ltr'><strong>genere.</strong></span> <span class='ocrx_word' id='word_1_506' title='bbox 282 1284 336 1304; x_wconf 80' lang='lat' dir='ltr'><strong>aliqua</strong></span> <span class='ocrx_word' id='word_1_507' title='bbox 346 1284 405 1304; x_wconf 77' lang='lat' dir='ltr'><strong>specie.</strong></span> 
     </span>
    </p>

    <p class='ocr_par' dir='ltr' id='par_1_16' title="bbox 212 1308 587 1354">
     <span class='ocr_line' id='line_1_82' title="bbox 231 1308 587 1330; baseline -0.003 -5"><span class='ocrx_word' id='word_1_508' title='bbox 231 1309 254 1325; x_wconf 79' lang='lat' dir='ltr'><strong>Ad</strong></span> <span class='ocrx_word' id='word_1_509' title='bbox 263 1309 337 1330; x_wconf 79' lang='lat' dir='ltr'><strong>quintam</strong></span> <span class='ocrx_word' id='word_1_510' title='bbox 346 1308 444 1327; x_wconf 68' lang='lat' dir='ltr'><strong>instantiam,</strong></span> <span class='ocrx_word' id='word_1_511' title='bbox 453 1313 488 1329; x_wconf 65' lang='lat' dir='ltr'><strong>quaa</strong></span> <span class='ocrx_word' id='word_1_512' title='bbox 497 1310 520 1324; x_wconf 84' lang='lat' dir='ltr'><strong>est</strong></span> <span class='ocrx_word' id='word_1_513' title='bbox 530 1308 587 1324; x_wconf 74' lang='lat' dir='ltr'><strong>coufir-</strong></span> 
     </span>
     <span class='ocr_line' id='line_1_83' title="bbox 212 1332 586 1354; baseline -0.003 -5"><span class='ocrx_word' id='word_1_514' title='bbox 212 1334 260 1349; x_wconf 87' lang='lat' dir='ltr'><strong>matio</strong></span> <span class='ocrx_word' id='word_1_515' title='bbox 276 1333 365 1354; x_wconf 77' lang='lat' dir='ltr'><strong>argumenti</strong></span> <span class='ocrx_word' id='word_1_516' title='bbox 382 1337 425 1349; x_wconf 83' lang='lat' dir='ltr'><strong>nunc</strong></span> <span class='ocrx_word' id='word_1_517' title='bbox 441 1332 484 1352; x_wconf 79' lang='lat' dir='ltr'><strong>taeti,</strong></span> <span class='ocrx_word' id='word_1_518' title='bbox 500 1332 586 1349; x_wconf 65' lang='lat' dir='ltr'><strong>dicendum</strong></span> 
     </span>
    </p>
   </div>
   <div class='ocr_carea' id='block_1_14' title="bbox 612 1087 989 1354">
    <p class='ocr_par' dir='ltr' id='par_1_17' title="bbox 612 1087 989 1354">
     <span class='ocr_line' id='line_1_84' title="bbox 614 1087 989 1107; baseline 0 -5"><span class='ocrx_word' id='word_1_519' title='bbox 614 1087 777 1107; x_wconf 81' lang='lat' dir='ltr'><strong>productionibusque</strong></span> <span class='ocrx_word' id='word_1_520' title='bbox 791 1087 810 1103; x_wconf 74' lang='lat' dir='ltr'><strong>nd</strong></span> <span class='ocrx_word' id='word_1_521' title='bbox 825 1088 875 1102; x_wconf 75' lang='lat' dir='ltr'><strong>extra.</strong></span> <span class='ocrx_word' id='word_1_522' title='bbox 887 1087 924 1102; x_wconf 83' lang='lat' dir='ltr'><strong>Ideo</strong></span> <span class='ocrx_word' id='word_1_523' title='bbox 935 1087 989 1103; x_wconf 86' lang='lat' dir='ltr'><strong>omnis</strong></span> 
     </span>
     <span class='ocr_line' id='line_1_85' title="bbox 613 1111 989 1132; baseline 0 -5"><span class='ocrx_word' id='word_1_524' title='bbox 613 1111 726 1132; x_wconf 80' lang='lat' dir='ltr'><strong>potentialitas.</strong></span> <span class='ocrx_word' id='word_1_525' title='bbox 742 1111 794 1127; x_wconf 85' lang='lat' dir='ltr'><strong>omnis</strong></span> <span class='ocrx_word' id='word_1_526' title='bbox 809 1111 920 1132; x_wconf 79' lang='lat' dir='ltr'><strong>dependentia,</strong></span> <span class='ocrx_word' id='word_1_527' title='bbox 936 1111 989 1127; x_wconf 85' lang='lat' dir='ltr'><strong>omnis</strong></span> 
     </span>
     <span class='ocr_line' id='line_1_86' title="bbox 613 1135 988 1156; baseline 0.003 -5"><span class='ocrx_word' id='word_1_528' title='bbox 613 1136 716 1155; x_wconf 77' lang='lat' dir='ltr'><strong>interioritas,</strong></span> <span class='ocrx_word' id='word_1_529' title='bbox 727 1138 764 1152; x_wconf 78' lang='lat' dir='ltr'><strong>sunt</strong></span> <span class='ocrx_word' id='word_1_530' title='bbox 775 1136 821 1156; x_wconf 76' lang='lat' dir='ltr'><strong>longe</strong></span> <span class='ocrx_word' id='word_1_531' title='bbox 832 1136 852 1151; x_wconf 83' lang='lat' dir='ltr'><strong>ab</strong></span> <span class='ocrx_word' id='word_1_532' title='bbox 863 1140 886 1152; x_wconf 60' lang='lat' dir='ltr'><strong>ea.</strong></span> <span class='ocrx_word' id='word_1_533' title='bbox 894 1135 926 1152; x_wconf 78' lang='lat' dir='ltr'><strong>Nec</strong></span> <span class='ocrx_word' id='word_1_534' title='bbox 937 1138 961 1152; x_wconf 86' lang='lat' dir='ltr'><strong>est</strong></span> <span class='ocrx_word' id='word_1_535' title='bbox 971 1136 988 1152; x_wconf 88' lang='lat' dir='ltr'><strong>in</strong></span> 
     </span>
     <span class='ocr_line' id='line_1_87' title="bbox 612 1161 989 1180; baseline 0 -4"><span class='ocrx_word' id='word_1_536' title='bbox 612 1165 631 1177; x_wconf 78' lang='lat' dir='ltr'><strong>es</strong></span> <span class='ocrx_word' id='word_1_537' title='bbox 643 1165 674 1177; x_wconf 88' lang='lat' dir='ltr'><strong>non</strong></span> <span class='ocrx_word' id='word_1_538' title='bbox 686 1165 721 1176; x_wconf 89' lang='lat' dir='ltr'><strong>esse</strong></span> <span class='ocrx_word' id='word_1_539' title='bbox 732 1163 769 1176; x_wconf 83' lang='lat' dir='ltr'><strong>ante</strong></span> <span class='ocrx_word' id='word_1_540' title='bbox 781 1165 820 1180; x_wconf 79' lang='lat' dir='ltr'><strong>esse,</strong></span> <span class='ocrx_word' id='word_1_541' title='bbox 831 1165 861 1177; x_wconf 81' lang='lat' dir='ltr'><strong>nee</strong></span> <span class='ocrx_word' id='word_1_542' title='bbox 873 1165 890 1176; x_wconf 90' lang='lat' dir='ltr'><strong>re</strong></span> <span class='ocrx_word' id='word_1_543' title='bbox 900 1165 930 1177; x_wconf 80' lang='lat' dir='ltr'><strong>nee</strong></span> <span class='ocrx_word' id='word_1_544' title='bbox 942 1161 989 1176; x_wconf 82' lang='lat' dir='ltr'><strong>intel-</strong></span> 
     </span>
     <span class='ocr_line' id='line_1_88' title="bbox 613 1185 988 1206; baseline 0 -5"><span class='ocrx_word' id='word_1_545' title='bbox 613 1186 654 1201; x_wconf 88' lang='lat' dir='ltr'><strong>lectu</strong></span> <span class='ocrx_word' id='word_1_546' title='bbox 663 1190 667 1201; x_wconf 85' lang='lat' dir='ltr'>z</span> <span class='ocrx_word' id='word_1_547' title='bbox 676 1185 752 1206; x_wconf 82' lang='lat' dir='ltr'><strong>quoniam</strong></span> <span class='ocrx_word' id='word_1_548' title='bbox 763 1190 794 1201; x_wconf 93' lang='lat' dir='ltr'><strong>non</strong></span> <span class='ocrx_word' id='word_1_549' title='bbox 805 1187 828 1201; x_wconf 87' lang='lat' dir='ltr'><strong>est</strong></span> <span class='ocrx_word' id='word_1_550' title='bbox 839 1185 862 1201; x_wconf 87' lang='lat' dir='ltr'><strong>ibi</strong></span> <span class='ocrx_word' id='word_1_551' title='bbox 875 1185 958 1206; x_wconf 81' lang='lat' dir='ltr'><strong>productio</strong></span> <span class='ocrx_word' id='word_1_552' title='bbox 968 1190 988 1201; x_wconf 78' lang='lat' dir='ltr'><strong>ex</strong></span> 
     </span>
     <span class='ocr_line' id='line_1_89' title="bbox 613 1210 988 1229; baseline -0.003 -3"><span class='ocrx_word' id='word_1_553' title='bbox 613 1210 664 1226; x_wconf 84' lang='lat' dir='ltr'><strong>nihilo</strong></span> <span class='ocrx_word' id='word_1_554' title='bbox 676 1215 706 1226; x_wconf 82' lang='lat' dir='ltr'><strong>nec</strong></span> <span class='ocrx_word' id='word_1_555' title='bbox 717 1214 736 1226; x_wconf 83' lang='lat' dir='ltr'><strong>ex</strong></span> <span class='ocrx_word' id='word_1_556' title='bbox 748 1210 820 1229; x_wconf 75' lang='lat' dir='ltr'><strong>materia,</strong></span> <span class='ocrx_word' id='word_1_557' title='bbox 831 1210 858 1226; x_wconf 79' lang='lat' dir='ltr'><strong>sed</strong></span> <span class='ocrx_word' id='word_1_558' title='bbox 869 1210 889 1226; x_wconf 87' lang='lat' dir='ltr'><strong>de</strong></span> <span class='ocrx_word' id='word_1_559' title='bbox 899 1210 988 1226; x_wconf 83' lang='lat' dir='ltr'><strong>substantia</strong></span> 
     </span>
     <span class='ocr_line' id='line_1_90' title="bbox 613 1234 987 1255; baseline 0 -5"><span class='ocrx_word' id='word_1_560' title='bbox 613 1234 672 1255; x_wconf 75' lang='lat' dir='ltr'><strong>Patris;</strong></span> <span class='ocrx_word' id='word_1_561' title='bbox 684 1237 700 1250; x_wconf 93' lang='lat' dir='ltr'><strong>et</strong></span> <span class='ocrx_word' id='word_1_562' title='bbox 713 1234 754 1250; x_wconf 85' lang='lat' dir='ltr'><strong>idern</strong></span> <span class='ocrx_word' id='word_1_563' title='bbox 770 1239 837 1250; x_wconf 87' lang='lat' dir='ltr'><strong>numero</strong></span> <span class='ocrx_word' id='word_1_564' title='bbox 851 1239 885 1250; x_wconf 84' lang='lat' dir='ltr'><strong>esse</strong></span> <span class='ocrx_word' id='word_1_565' title='bbox 897 1234 987 1250; x_wconf 82' lang='lat' dir='ltr'><strong>absolutum</strong></span> 
     </span>
     <span class='ocr_line' id='line_1_91' title="bbox 613 1259 988 1280; baseline 0 -5"><span class='ocrx_word' id='word_1_566' title='bbox 613 1259 655 1280; x_wconf 84' lang='lat' dir='ltr'><strong>quod</strong></span> <span class='ocrx_word' id='word_1_567' title='bbox 664 1259 712 1275; x_wconf 67' lang='lat' dir='ltr'><strong>trahet</strong></span> <span class='ocrx_word' id='word_1_568' title='bbox 720 1259 814 1280; x_wconf 84' lang='lat' dir='ltr'><strong>producens,</strong></span> <span class='ocrx_word' id='word_1_569' title='bbox 820 1259 948 1275; x_wconf 75' lang='lat' dir='ltr'><strong>communicatur</strong></span> <span class='ocrx_word' id='word_1_570' title='bbox 955 1263 988 1280; x_wconf 65' lang='lat' dir='ltr'><strong>por</strong></span> 
     </span>
     <span class='ocr_line' id='line_1_92' title="bbox 614 1283 987 1304; baseline 0 -5"><span class='ocrx_word' id='word_1_571' title='bbox 614 1288 656 1300; x_wconf 71' lang='lat' dir='ltr'><strong>sonsa</strong></span> <span class='ocrx_word' id='word_1_572' title='bbox 668 1284 754 1304; x_wconf 56' lang='lat' dir='ltr'><strong>productas.</strong></span> <span class='ocrx_word' id='word_1_573' title='bbox 764 1284 849 1304; x_wconf 78' lang='lat' dir='ltr'><strong>Propterea</strong></span> <span class='ocrx_word' id='word_1_574' title='bbox 859 1288 888 1299; x_wconf 90' lang='lat' dir='ltr'><strong>nec</strong></span> <span class='ocrx_word' id='word_1_575' title='bbox 899 1283 948 1299; x_wconf 80' lang='lat' dir='ltr'><strong>Filius</strong></span> <span class='ocrx_word' id='word_1_576' title='bbox 959 1288 987 1299; x_wconf 81' lang='lat' dir='ltr'><strong>nec</strong></span> 
     </span>
     <span class='ocr_line' id='line_1_93' title="bbox 614 1308 988 1329; baseline 0 -5"><span class='ocrx_word' id='word_1_577' title='bbox 614 1308 684 1329; x_wconf 84' lang='lat' dir='ltr'><strong>Spiritus</strong></span> <span class='ocrx_word' id='word_1_578' title='bbox 695 1308 762 1324; x_wconf 84' lang='lat' dir='ltr'><strong>Sanctus</strong></span> <span class='ocrx_word' id='word_1_579' title='bbox 774 1310 816 1324; x_wconf 84' lang='lat' dir='ltr'><strong>esset</strong></span> <span class='ocrx_word' id='word_1_580' title='bbox 827 1308 868 1324; x_wconf 86' lang='lat' dir='ltr'><strong>nihil</strong></span> <span class='ocrx_word' id='word_1_581' title='bbox 880 1310 908 1324; x_wconf 85' lang='lat' dir='ltr'><strong>aut</strong></span> <span class='ocrx_word' id='word_1_582' title='bbox 917 1313 952 1324; x_wconf 84' lang='lat' dir='ltr'><strong>esse</strong></span> <span class='ocrx_word' id='word_1_583' title='bbox 962 1309 988 1324; x_wconf 90' lang='lat' dir='ltr'><strong>de-</strong></span> 
     </span>
     <span class='ocr_line' id='line_1_94' title="bbox 615 1333 989 1354; baseline 0 -5"><span class='ocrx_word' id='word_1_584' title='bbox 615 1333 681 1352; x_wconf 84' lang='lat' dir='ltr'><strong>sineret,</strong></span> <span class='ocrx_word' id='word_1_585' title='bbox 689 1333 702 1349; x_wconf 93' lang='lat' dir='ltr'><strong>si</strong></span> <span class='ocrx_word' id='word_1_586' title='bbox 713 1338 742 1354; x_wconf 88' lang='lat' dir='ltr'><strong>per</strong></span> <span class='ocrx_word' id='word_1_587' title='bbox 750 1333 850 1354; x_wconf 82' lang='lat' dir='ltr'><strong>impossibile</strong></span> <span class='ocrx_word' id='word_1_588' title='bbox 859 1333 890 1349; x_wconf 89' lang='lat' dir='ltr'><strong>sibi</strong></span> <span class='ocrx_word' id='word_1_589' title='bbox 901 1333 931 1354; x_wconf 85' lang='lat' dir='ltr'><strong>ipsi</strong></span> <span class='ocrx_word' id='word_1_590' title='bbox 941 1333 989 1349; x_wconf 84' lang='lat' dir='ltr'><strong>relin-</strong></span> 
     </span>
    </p>
   </div>
  </div>
 </body>
</html>
