1088 1569
154 345 165 355 ρ.
172 342 191 352 su
195 341 207 352 n·

218 119 248 135 54⁴

388 123 404 135 ιΝ
414 123 469 135 unium
480 123 485 134 ι
496 122 616 134 εειπκΝτιΑΙιυΙΙ.
628 126 648 129 -
658 122 697 134 inst
708 123 739 138 1v;
749 122 806 136 thsr.
818 123 829 134 n

219 166 286 182 includit
298 166 378 182 notionale
389 168 405 182 et
417 165 506 181 essentiale.
515 165 551 181 flac
563 165 593 180 Du-
600 165 613 180 A
621 165 696 185 cognitio.
706 174 726 176 —
736 165 800 184 numo,
812 165 903 186 principuus
915 165 997 181 missionis

219 191 283 206 randus.

238 215 286 231 Porro
295 215 371 235 AEgidius,
380 215 453 235 quamvis
463 214 539 230 concodat
550 214 592 234 quod

218 240 273 256 missio
280 240 301 256 sit
309 240 367 261 partim
377 239 466 258 essentiale,
476 239 534 260 partim
543 239 593 255 notio-

218 265 260 283 nale,
268 265 349 285 redarguit
361 267 413 280 tamen
425 264 548 280 declarationem
561 268 593 284 qua

218 289 286 305 Thomas
294 290 363 305 declarat
370 289 412 310 quod
420 289 474 305 missio
482 288 593 309 principaliter

218 314 257 330 dicit
266 314 357 333 essentiam,
365 316 413 334 atquc
423 318 442 329 ex
453 313 556 333 consequenti
566 318 593 329 no-

218 339 284 357 tionem,
297 341 345 359 prout
359 340 441 354 narratum
453 340 476 354 est
490 338 538 358 paulo
549 339 592 353 ante.

218 363 276 379 Contra
291 363 333 384 quod
345 363 416 383 AEgidius
430 363 486 383 objicit
500 367 503 378 :
518 362 593 380 Quamvis

219 388 299 408 processio
315 388 421 404 communiter
437 389 501 408 sumpts
518 387 593 407 importet

217 413 268 428 solum
284 413 344 428 exitum
356 417 365 428 a
378 412 463 433 principio,
476 411 556 432 processio
569 413 592 427 ta-

217 442 254 453 men
262 437 360 458 temporalis,
368 437 387 453 de
394 442 426 457 qua
434 436 460 452 hic
467 436 554 457 loquimur,
563 436 592 452 im-

620 189 688 205 essoctus
697 192 721 205 cst
731 190 794 208 csrius,
802 192 818 205 et
828 191 880 205 tamen
890 190 925 210 ejus
936 189 997 205 infusio

620 216 668 235 atque
681 215 765 235 prasentia
778 214 832 233 latent,
842 214 888 234 juxta
900 214 940 230 illud
952 214 982 230 lob
992 219 995 230 :

620 238 635 254 Si
646 239 708 254 venerit
717 239 736 254 ad
747 244 778 258 ma,
789 244 820 255 non
831 239 889 255 videbo
899 243 946 259 eum;
956 240 972 254 et
982 239 996 254 si

621 264 704 279 recesserit
714 269 723 280 a
734 269 765 282 me,
776 269 808 280 non
820 264 914 284 intelligam.

640 288 706 304 Solutioi
713 288 801 309 Descriptio
809 289 836 304 illa
844 288 925 304 missionis
932 293 964 304 non
971 290 996 304 cst

620 318 649 334 per
659 313 750 332 essentiam,
759 314 785 329 sed
797 318 826 334 per
837 318 900 329 causam
910 318 913 329 :
922 315 939 328 ut
949 313 962 329 si
972 313 997 328 di-

620 340 670 356 catur,
684 338 719 354 Dies
731 340 754 354 est
766 338 789 354 sol
802 338 863 354 lucens.
874 338 913 354 Mitti
926 342 997 358 namque

621 367 698 383 personui,
707 365 730 378 est
741 363 791 383 ipsam
803 362 823 378 ab
834 363 889 383 aliquo
900 362 934 378 dari
946 362 996 378 alicui

620 392 657 403 cum
672 387 731 403 effectu
746 387 801 408 aliquo
815 387 846 403 sibi
859 387 963 408 appropriato
977 392 996 403 ac

620 412 675 431 simili,
684 412 700 428 in
709 417 741 433 quo
748 412 773 428 vol
783 414 819 428 actu
827 412 852 428 vel
863 412 953 433 aptitudine
963 416 997 427 ma-

621 436 705 452 nifestetur
715 437 808 457 suscipienti
820 439 838 452 ut
848 441 896 453 causa
906 437 923 452 in
935 436 996 452 effectu

217 464 269 483 portat
281 462 363 478 effectum*
372 461 411 477 Nam
424 461 437 477 si
451 461 531 482 processio
543 460 590 476 talem
602 460 651 477 Bsibi
662 462 770 482 appropriato.

216 487 294 507 originem
302 486 412 507 princip-liter
419 486 513 506 importaret,
517 490 549 501 non
557 490 592 501 con-

217 511 300 527 cederetur
309 511 352 532 quod
365 511 419 531 aliqua
431 515 499 531 persona
511 515 520 526 a
530 515 547 526 se
557 510 592 531 ipsa

217 536 297 557 prucednt.
303 545 323 547 —
331 536 353 551 Ad
360 536 403 556 quod
411 535 503 554 dicendum,
511 535 554 556 quod
562 535 591 550 ist·

218 561 308 581 reprobatio
320 561 380 576 nullius
391 560 463 576 consistit
474 560 533 580 vigoris
542 565 545 575 :
554 560 592 580 quia

217 590 246 601 ncc
254 586 349 606 simpliciter
356 585 474 601 concedendum
483 587 507 601 est
515 585 556 605 quod
565 584 592 600 ali-

217 615 249 631 qua
257 615 324 631 persona
333 610 388 626 divins
398 610 473 630 procedat
482 614 491 625 a
500 614 518 625 se
525 609 565 630 ipso,
574 611 592 625 ut

217 637 260 655 patet
271 640 299 656 per
310 634 413 655 praeinductai
423 634 439 650 ln
451 634 510 650 divinis
522 638 591 654 namque

217 664 301 680 personam
308 665 317 675 a
327 664 395 680 persona
405 659 496 680 procedere,
505 661 528 674 est
538 663 591 679 perso-

216 689 253 700 nam
261 689 270 700 a
277 688 345 705 persona
353 684 424 705 produci.
433 683 480 699 Nulla
489 685 542 699 autem
551 683 591 699 ratio

216 709 281 725 concedi
293 709 371 730 permittit
381 709 423 729 quod
433 708 487 729 aliqu·
497 713 564 729 persona
574 712 591 724 se

217 733 267 754 ipsam
281 734 363 754 producat,
372 735 389 749 ut
400 733 497 753 Augustinus
509 735 525 748 et
536 733 592 748 Ansel-

639 486 662 502 Ad
675 486 745 507 primum
760 491 797 507 ergo
811 486 902 505 dicendum,
915 486 958 506 quod
970 490 997 502 oo-

618 511 672 531 gnosci
686 511 797 532 multipliciter
807 511 871 530 dicitur,
880 511 941 527 scilicet
952 513 995 529 actu,

619 536 681 555 habitu,
689 536 779 556 aptitudine
788 540 791 552 :
800 538 816 552 ot
822 536 913 556 aptitudine
920 535 996 551 convenit

619 560 691 581 parvulo.
697 570 717 572 —
724 560 747 576 Ad
755 561 849 579 secundum,
857 561 900 581 quod
908 560 996 581 descriptio

619 585 646 601 illa
657 585 752 605 intelligitur
762 585 781 601 de
793 585 884 605 cognitione
894 585 996 605 experimen—

618 610 646 625 tali
654 612 670 625 et
677 610 749 629 formata,
754 614 785 626 non
793 609 863 630 simplici
871 614 890 625 ac
898 609 994 625 informi.—

618 635 641 650 Aci
652 634 722 653 tertium,
730 634 773 655 quod
784 634 858 655 quamvis
869 639 898 655 per
907 639 994 650 commune·v

619 661 636 675 ut
646 664 737 678 commune,
747 663 778 675 non
789 661 893 679 cognoscatur
903 659 994 680 proprium,

619 686 671 700 tamen
680 689 708 705 per
715 688 800 700 commune
807 686 825 699 ut
832 684 958 704 appropriatum,
967 688 996 704 ρο-

618 711 654 725 test.
662 709 706 725 Licet
717 711 770 724 autem
781 708 849 724 effectus
860 709 940 725 missionis
951 713 995 725 com-

618 734 671 749 munis
679 734 700 749 sit
707 733 780 749 Trinitati
788 733 841 754 quoad
848 738 893 749 suurn
902 734 995 754 productio-

217 763 252 774 mus
263 758 338 774 fatentur.
347 758 459 773 Verumtamen
471 757 525 778 aliquo
537 758 590 776 modo,
600 759 611 775 G
619 763 660 777 nem,
676 760 699 774 ost
714 760 767 774 tamen
781 758 906 779 appropriuhitis
921 763 994 779 persona

216 782 290 803 quamvis
301 783 393 803 improprie,
401 782 494 798 conceditur
504 782 546 802 quod
556 782 591 803 Spi-

217 807 257 823 ritus
267 807 334 823 Sanctus
346 807 417 828 procedit
428 812 437 822 ι
447 812 464 823 so
475 807 590 827 temporaliter,

216 834 263 852 prout
274 837 293 847 ex
304 832 395 848 doctoribus
406 834 429 847 est
440 833 527 847 ostensum.

235 881 280 897 Circa
290 881 323 897 liaec
331 881 388 902 querit
398 881 458 899 Petrus,
466 880 505 901 quid
515 883 538 896 est
547 880 589 896 mitti

216 906 232 922 in
245 906 308 922 divinis.
317 905 336 921 Et
348 906 370 921 ait
378 910 382 921 ι
391 905 488 926 Augustinus
500 907 557 926 quarto
570 905 589 921 de

215 930 292 946 Trinitate
298 930 348 950 [dicit]
355 935 359 946 :
365 930 409 946 Sicut
415 930 454 946 Filio
461 932 515 946 natum
523 934 561 948 esse,
566 932 590 946 est

215 955 235 971 de
244 955 289 970 Patre
296 959 340 975 esae3
349 955 370 970 its
378 954 425 973 mitti,
434 956 458 970 ost
465 954 538 974 cognosci
547 954 589 975 quod

215 979 235 995 ab
247 980 279 995 alio
290 982 314 995 est
325 984 328 995 ι
339 981 355 995 et
365 979 406 995 sicut
416 979 482 999 Spiritui
494 978 552 995 Sancto
563 979 590 995 do-

215 1009 254 1020 num
262 1004 289 1020 Dei
297 1006 365 1023 esse,ost
373 1009 382 1020 a
389 1004 434 1020 Patre
442 1004 536 1024 procedere;
546 1004 567 1019 ita
574 1004 588 1019 ei

215 1029 263 1047 mitti,
272 1031 296 1044 est
303 1029 375 1049 cognosci
384 1029 426 1049 quod
436 1028 457 1044 ab
467 1028 498 1044 alio
508 1028 588 1049 procedat.

618 783 666 799 alicui
684 788 713 804 per
728 783 858 799 assimilationem
874 788 911 799 cum
927 783 994 804 proprio

619 812 690 828 persona
698 808 745 823 illius.
751 808 798 823 —Ad
805 810 884 828 quartum,
890 808 931 828 quod
940 813 995 829 quam-

618 832 642 848 via
650 832 720 848 caritatis
730 832 814 853 praesentia
822 837 853 848 non
864 835 938 848 noscatur
945 833 993 849 coi-ti-

618 857 716 875 tudinaliter,
727 859 780 873 tumen
793 857 898 878 probabiliter
909 857 965 873 scitur.
973 867 993 869 —

617 881 653 897 ΗΜ
663 881 723 897 Petrus.

637 906 682 923 Circa
693 907 723 922 hoc
732 906 788 922 scribit
798 906 885 922 liiclisrdus
894 911 898 922 1
906 906 960 923 Missio
969 909 994 923 est

1006 242 1031 253 100
1036 246 1052 254 ιι.
1058 243 1074 253 ιι.

617 935 689 952 personoe
699 931 757 947 divinae
768 931 858 947 emanantis
868 931 893 947 vel
905 932 993 948 eman-tio-
1010 932 1013 934 “

617 956 641 972 nis
654 960 731 976 personae,
740 960 769 976 per
780 955 841 976 aliquid
854 956 885 972 sibi
897 956 993 977 appropi-is⁴

617 982 656 999 tum,
672 982 708 996 actu
723 980 747 996 vol
764 980 819 996 lubitu
834 981 947 1000 manifestatio,
964 986 993 1002 per

617 1005 658 1026 quod
669 1005 704 1025 ipsa
715 1005 810 1025 simpliciter
820 1005 844 1021 vel
854 1005 943 1021 seeundum
953 1006 992 1026 quid

617 1029 689 1048 habetur,
703 1031 730 1045 aut
745 1029 794 1050 magis
809 1034 857 1050 quam
872 1032 909 1046 ante
923 1030 993 1046 liabetur

235 1053 264 1069 Sed
277 1056 332 1069 contra
343 1054 372 1069 hoc
383 1054 406 1069 sic
417 1053 469 1074 primo
480 1053 563 1073 arguitur:
572 1053 588 1069 ln
597 1054 644 1070 Dseu
659 1054 715 1070 haberi
730 1054 824 1073 ostenditur,
836 1056 872 1070 actu
888 1055 912 1070 vel
929 1054 991 1070 habitu.

214 1078 329 1098 justificatione
342 1078 416 1094 infantuli
430 1078 446 1093 in
459 1078 544 1098 Baptismo,
553 1078 589 1094 mit-

214 1103 253 1119 titur
264 1103 333 1124 Spiritus
343 1103 415 1122 Sanctus,
424 1107 455 1119 non
467 1105 520 1118 tamen
532 1107 589 1123 cogno-

213 1127 244 1143 scit
255 1128 286 1144 hoc
298 1127 356 1143 infans.
366 1136 386 1139 —
395 1127 473 1146 Secundo,
485 1127 498 1143 si
511 1127 553 1143 mitti
565 1130 588 1143 est

213 1152 293 1173 cognosci,
304 1157 342 1173 ergo
354 1152 403 1173 magis
416 1152 489 1173 cognosci
502 1154 526 1168 est
538 1152 588 1173 magia

213 1177 261 1193 mitti.
274 1177 304 1193 Sed
318 1177 384 1193 vitiosus
397 1177 479 1197 theologus
493 1177 550 1193 melius
563 1182 589 1193 co-

212 1202 274 1222 gnoscit
284 1202 342 1217 Filium
352 1206 391 1220 esse,
400 1206 448 1222 quarn
458 1201 512 1217 vetula
520 1204 574 1217 sancta
583 1206 587 1217 :

212 1231 250 1247 ergo
261 1226 312 1247 magis
325 1226 394 1242 mittitur
405 1226 424 1241 ad
438 1226 489 1242 illum.
500 1235 520 1237 —
529 1226 587 1245 Tertio,

213 1256 242 1272 per
254 1256 339 1267 commune
354 1256 385 1267 non
398 1250 418 1266 sit
430 1251 499 1271 cognitio
511 1251 587 1271 propria;

213 1275 280 1292 effectus
290 1278 343 1291 autem
354 1275 435 1291 missionis
445 1275 473 1291 tuti
483 1277 507 1291 est
515 1275 587 1291 Trinitati

213 1301 303 1322 communis
312 1305 315 1316 :
324 1305 356 1317 non
367 1305 405 1321 ergo
416 1305 445 1321 per
456 1300 509 1321 ipsum
521 1300 589 1316 hahetur

213 1325 318 1341 determinata
330 1327 345 1341 et
359 1325 424 1346 propria
437 1329 508 1346 personae
519 1325 588 1345 alicujus

616 1079 653 1097 01¹ae
660 1079 747 1100 descriptio
754 1079 797 1095 omni
807 1079 882 1095 convenit
890 1079 962 1095 missioni
970 1080 992 1095 di-

616 1104 663 1122 vinae,
672 1105 704 1119 tarn
714 1103 774 1119 visibili
784 1108 832 1124 quam
842 1103 926 1123 invisibili,
934 1106 950 1120 ct
959 1106 991 1120 tam

616 1128 688 1144 missioni
695 1128 791 1148 simpliciter
798 1133 846 1149 quam
854 1128 926 1144 missioni
934 1133 991 1145 aecnn-

615 1153 653 1168 dum
664 1153 709 1173 quid.
718 1153 753 1168 Rrec
763 1155 817 1168 autem
828 1152 936 1169 manifestatio
949 1156 991 1169 reete

615 1180 681 1193 vocatur
692 1177 752 1196 missio,
760 1177 836 1198 quoniam
847 1177 890 1193 sicut
901 1178 918 1193 in
928 1180 991 1194 creatu>

616 1202 637 1217 ris
650 1202 716 1217 missurn
728 1206 738 1217 ι
749 1201 821 1217 mittento
833 1202 919 1222 aliquando
931 1202 990 1223 accipit

615 1231 654 1245 esse,
663 1228 681 1242 ut
689 1226 742 1242 radius
751 1231 760 1242 a
768 1226 809 1246 sole;
818 1226 898 1242 interdum
907 1227 988 1245 virtutem,

615 1253 633 1267 ut
644 1251 715 1271 jaculum
727 1255 737 1266 a
750 1251 850 1271 projectoro3
863 1251 950 1272 aliquando
962 1256 990 1267 au-

615 1275 710 1294 ctoritatem,
719 1277 736 1290 ut
749 1276 815 1291 nuntius
827 1280 837 1291 a
849 1278 946 1296 prmceptore
955 1281 959 1292 z
967 1276 989 1292 i«-

616 1304 683 1321 persona
695 1304 776 1319 emanans,
788 1304 797 1315 s
810 1304 877 1321 persons
891 1301 988 1321 producente

615 1325 674 1345 accipit
688 1329 723 1340 esse
737 1327 753 1340 et
766 1325 842 1340 virtutem
856 1327 905 1346 utque
919 1326 987 1342 auctori-
