1088 1569
278 129 299 141 ΑΝ
309 129 348 142 ΏΙῦῧ
359 129 383 142 811·
393 129 491 141 ΕΠΙΥΙἎΒΙΠΒ
501 129 551 143 mmm
561 129 644 144 ΙΙΙΟΙΙΠΒ,
654 129 687 141 ΠΩ.

843 124 893 141 ³81·

97 172 134 187 tiam
141 174 157 187 et
164 172 258 188 meritorum
265 172 367 193 exigentiam,
375 174 423 193 atque
431 172 470 188 effe-
477 172 490 188 Α
497 172 575 188 ditionata
583 176 586 187 t
595 172 667 188 absolute
679 172 722 188 enim
733 172 818 193 loquendo,
827 171 874 187 aliter

97 198 130 212 ctus
137 197 263 212 similitudinem.
267 197 325 212 Verum
333 197 420 213 secundum
428 199 472 213 aiter-

97 225 132 237 nsm
150 221 306 242 pmdestinationem
321 224 337 237 et
354 221 469 242 praeecientiam

96 250 140 261 snam
156 246 310 265 iucommutabilem,
324 246 440 262 invariabiliter
455 248 471 262 et

96 270 191 287 aternaliter
198 273 239 286 amat
246 271 309 289 electos.
314 271 380 291 oditque
388 271 469 291 reprobos.

115 295 191 311 Praeterea
205 296 225 311 ad
237 295 300 316 objecta
312 295 371 316 quibus
386 295 470 316 probatum

95 321 118 335 est
128 320 205 336 creaturis
216 320 363 336 immutabilitatem
373 322 469 340 competere,

96 344 223 364 respondendum
236 345 279 365 quod
293 344 394 365 Peripatetici
409 346 469 360 motum

95 371 111 384 et
121 369 226 385 mutationem
237 369 326 385 naturalem
337 374 356 385 ex
367 371 412 390 parte
421 371 470 385 mate-

96 394 123 410 ris
130 394 256 414 provenientem,
262 394 336 410 dixerunt
344 399 376 410 non
384 394 470 410 convenire

96 418 187 434 substantiis
199 419 283 439 separatis.
291 418 344 435 Nihilo
355 418 408 434 rninus
419 418 470 439 philo-

96 443 140 463 sophi
153 443 196 458 circa
210 443 337 459 substantiarum
351 443 414 459 illarum
429 443 470 459 noti-

498 196 556 215 facere,
565 196 597 212 imo
604 199 619 212 et
628 201 659 212 non
670 196 722 212 iacere
731 198 789 217 posset.
798 196 873 215 Quamvis

497 223 551 237 autem
563 221 605 237 Deus
616 222 681 242 proprie
694 221 773 242 loquendo
783 221 804 237 ait
817 221 873 236 immo-

498 246 541 265 bilis,
552 246 618 266 mystice
629 248 681 262 tamen
693 250 721 261 seu
731 246 840 267 metaphorice
851 245 873 261 lo-

497 271 567 291 quendo,
573 270 661 286 secundum
669 270 745 286 Thomam
753 271 773 286 de
780 270 872 291 Argentina,

497 295 557 311 dicitur
566 295 631 311 mobilis
640 300 659 311 ac
669 295 729 311 moveri
738 300 742 311 ι
750 295 772 311 ita
783 297 801 310 ut
810 295 873 310 dicatur

497 320 558 336 moveri
570 322 614 335 motu
627 320 706 338 circulari,
717 319 771 335 omnia
783 319 873 340 gubernan-

497 345 517 361 do
522 350 526 365 ;
532 346 575 360 motu
584 346 632 363 recto,
637 344 689 364 justos
697 344 821 364 remunerando;
828 346 872 360 motu

497 369 569 389 obliquo,
577 368 636 389 impios
646 373 656 384 a
667 368 736 389 peccatis
748 368 835 389 purgando.
844 368 873 384 Eo-

497 394 533 410 dem
542 393 589 409 modo
596 393 627 409 dici
637 395 689 414 potest
696 393 738 414 quod
748 395 821 409 movetur
828 395 872 409 motu

498 418 573 436 naturali,
584 417 659 434 omnibus
671 418 748 433 creaturis
760 417 805 438 juxta
817 422 872 433 earum

497 443 601 463 capacitatem
613 447 630 458 se
640 442 773 458 communicando
785 447 804 458 ex
817 442 872 458 inolita

96 467 132 483 tiam
141 467 252 488 multipliciter
259 470 359 486 erraverunt,
365 469 382 483 ut
390 467 423 483 suis
431 467 470 483 locis
479 467 490 483 B
497 467 528 483 sibi
536 467 616 487 bonitate3
625 469 669 483 motu
677 467 752 485 violento,
759 467 822 487 iniquos
829 467 873 482 dam<

96 492 155 512 patebit
167 494 183 507 et
195 492 252 513 patuit.
263 492 335 510 Qualiter
346 494 400 507 autern
413 496 470 508 conve-

96 516 128 532 niat
137 516 161 532 eia
172 516 206 532 loco
217 518 233 532 et
244 517 337 537 operatione
349 521 383 532 esse
396 516 469 535 mobiles,

95 541 127 556 sive
135 541 232 559 immobiles,
237 541 269 561 jam
279 543 338 557 tactum
347 543 370 557 est
378 541 446 562 partim3
454 543 469 556 et

96 565 142 584 iufra,
151 566 239 586 priesertim
250 565 292 581 libro
303 566 378 584 secundo,
387 565 435 581 habet
445 570 470 581 os—

95 590 143 605 tendi.
156 599 176 601 —
188 589 217 606 Per
231 590 261 606 hoc
275 590 340 606 demum
356 590 398 610 quod
413 590 469 606 scribit

96 614 183 635 Apostolus,
196 614 264 630 stabiles
278 616 328 630 estote
343 617 358 630 et
372 614 468 633 immobiles,

96 643 125 654 non
139 639 182 654 aliud
195 643 244 659 quam
256 639 333 654 virtutum
346 639 440 657 constantia,
453 641 470 654 et

96 663 186 679 reformatio
201 663 293 684 passionum
308 668 336 679 seu
351 663 447 679 abstinentia
460 668 469 679 a

95 687 163 703 motibus
174 688 256 707 vitiorum,
268 688 365 704 insinuatur.

113 712 136 728 Ad
144 712 219 728 ultimum
227 712 268 731 dico¹
277 713 319 733 quod
330 713 349 728 ad
358 717 422 728 omnem
430 712 469 728 efle-

95 738 136 753 ctum
148 741 177 752 seu
189 736 276 757 cujuslibet
290 739 366 753 creaturas
379 737 469 758 productio-

498 492 550 507 nendo
560 496 578 507 ac
588 491 669 512 puniendo
678 496 681 507 z
690 491 732 512 quod
741 493 765 507 est
773 491 818 512 quasi
828 496 873 512 pere-

497 516 560 536 grinum
574 518 589 532 et
600 516 671 532 alienum
684 516 704 531 ab
717 520 741 534 eo,
749 516 775 531 cui
788 516 871 537 proprium

497 543 521 557 est
530 541 603 556 misereri
613 542 629 556 ct
639 545 703 561 parcere
710 545 714 560 ;
722 542 766 556 motu
774 540 871 559 voluntario,

497 566 551 582 omnia
559 565 668 581 conservando
675 565 691 581 in
701 570 740 581 esse.
749 565 775 580 Sic
782 565 831 580 etiam
839 569 872 581 mo—

498 590 559 605 rnlizari
568 592 620 610 potest
627 590 687 605 dictum
695 589 793 610 Philosophi,
799 589 826 610 qui
835 589 872 605 assi-

496 617 534 634 gnat
542 616 603 630 motum
611 619 620 630 a
628 616 688 633 centro,
694 614 713 629 ad
721 616 800 633 centrum,
805 615 822 629 et
829 614 871 629 circa

497 641 570 655 centrum
579 644 583 655 ς
594 639 616 654 ita
625 639 668 659 quod
678 638 719 654 Deus
730 638 823 654 movebatur
832 643 873 659 qua«

497 664 509 679 si
521 668 531 679 a
542 665 598 679 centro
610 664 626 679 iu
639 663 755 682 incarnatione,
766 663 785 679 ad
798 665 871 679 centrum

497 688 513 704 in
531 688 634 707 escensione,
651 688 694 704 circa
710 690 783 703 centrum
800 688 871 708 undique

497 713 604 733 praedicando.

95 766 135 780 nem,
148 761 178 777 hoc
193 763 217 777 eet
232 763 263 777 tam
277 762 296 777 ad
312 762 437 778 necessariorum
453 762 487 778 etc
516 761 596 777 Postremo
607 761 649 777 circa
660 762 693 777 hmc
704 761 759 777 Scotus
769 761 825 777 scribit
836 766 872 782 pro-

95 786 240 807 inoorruptibilium
250 791 297 806 quam
308 786 327 802 ad
338 786 467 807 corruptibilium

94 815 111 826 ac
118 810 245 831 contingentium
255 811 358 829 creationem,
366 810 407 826 Deus
417 811 468 827 omni-

95 837 148 855 potens
161 837 177 851 et
191 835 263 851 excelsus
278 835 379 851 uniformiter
393 837 409 851 et
423 840 468 856 teque

94 859 142 875 libere
150 861 166 875 et
174 864 219 880 nque
227 859 343 878 invariabiliter
350 865 378 876 seu
388 865 433 881 eaque
441 865 468 876 ne-

94 884 161 900 cessarie
173 884 222 900 habet
234 889 256 903 se,
264 886 342 905 quantum
355 886 379 900 eat
391 889 410 900 ex
423 887 467 905 purte

94 909 149 929 ipsius,
160 909 191 924 nisi
203 909 246 929 qnod
258 909 321 929 singula
333 909 402 929 propriis
414 914 467 925 exorn-

94 933 165 953 plaribua
172 933 261 949 rationibus
268 935 293 949 est
301 934 390 954 producens
396 938 400 949 ε
406 934 466 954 alioqui

93 958 134 974 idem
142 963 209 974 manens
217 958 264 977 idem,
273 958 312 974 iacit
321 958 372 978 idem
381 960 397 974 et
406 958 426 974 ab
435 963 467 975 uno

92 983 147 998 eodem
160 983 207 998 modo
218 987 235 998 se
245 982 320 1002 habente,
328 987 360 999 non
373 983 403 999 nisi
416 988 466 999 unum

91 1009 108 1023 et
115 1007 157 1023 idem
168 1007 253 1028 procedere
263 1007 362 1028 perhibetur.
370 1007 430 1028 ltaque,
438 1008 467 1024 sic-

92 1034 109 1047 ut
119 1032 161 1047 Deus
171 1031 250 1052 gloriosus
260 1034 276 1047 et
287 1032 376 1048 adorandus
387 1032 466 1051 universa,

496 787 533 802 lixei
541 786 563 802 De
573 786 619 807 cujus
628 786 693 807 scriptis
702 786 763 807 aliquid
773 788 796 802 est
806 788 872 807 tangen-

495 811 539 830 dum,
550 816 642 832 quanquam
655 811 674 827 ad
685 811 773 827 secundum
783 811 871 827 Sententia-

496 841 531 852 rum
543 836 594 856 magia
607 836 702 856 pertineant.
711 835 788 852 Grandem
801 840 871 856 namque

495 860 616 881 inquisitionem
627 860 693 879 inducit,
702 860 770 881 qualiter
780 860 801 876 ab
811 860 871 876 incoru-

495 885 569 901 mutabili
577 885 609 901 Deo
619 887 670 905 potest
680 889 714 900 esse
723 884 791 900 elsectus
799 884 870 901 formali-

495 912 519 925 ter
529 909 590 925 babens
601 914 635 925 esse
646 914 715 928 necesse.
723 914 751 925 seu
763 910 869 925 necessarium

494 937 511 950 et
521 934 643 955 incorruptibile
653 936 681 950 aut
692 934 818 950 indestructibilc
829 939 868 950 esso.

495 959 549 980 ltaque
560 959 594 974 ait:
603 958 655 977 Quum
666 958 707 974 Deus
718 958 739 974 sit
750 958 820 979 perfecte
832 959 870 974 sirn-

495 983 537 1004 plea,
551 983 617 999 omnino
632 983 736 999 immutabilis
750 985 779 999 est.
794 983 868 1003 Majurem

495 1013 533 1024 vero
548 1008 595 1023 habet
610 1007 723 1023 difficultatem
737 1008 770 1024 baec
784 1008 851 1028 quaetio
864 1013 868 1024 ι

495 1037 531 1048 narn
547 1032 590 1049 circa
604 1033 645 1048 hanc
661 1034 722 1053 partein
738 1032 806 1053 theologi
821 1034 869 1053 atque

91 1058 124 1072 tarn
136 1058 213 1077 perpetuu
224 1059 240 1072 ct
250 1056 361 1072 immaterialia
372 1061 421 1077 quam
433 1062 467 1073 cor·
474 1058 487 1074 D
495 1057 586 1078 philosophi
597 1057 692 1073 discordanti
701 1057 782 1077 Siquidem
793 1057 836 1073 circa
846 1057 869 1073 in-

92 1081 176 1102 ruptibilia
190 1083 206 1097 et
221 1081 334 1101 contingentia,
350 1081 467 1097 invariabiliter

92 1105 231 1126 iniallibiliterque
241 1106 331 1126 cognoscit3
339 1105 362 1122 sio
372 1106 426 1122 omnia
437 1107 466 1122 ista

91 1130 174 1146 liberrime
181 1130 224 1149 fecit,
230 1135 259 1146 nec
266 1130 327 1151 aliquid
335 1131 424 1147 necessario
431 1135 467 1147 con-

90 1155 136 1170 didit„
145 1155 204 1171 Tamen
213 1157 290 1175 quantum
298 1157 322 1171 est
330 1160 349 1171 ex
357 1157 401 1176 perte
409 1155 465 1176 ipnius,

91 1180 199 1196 necessarium
212 1182 236 1195 est
249 1182 266 1195 ut
281 1180 396 1196 invariabiliter
408 1180 466 1196 habeat

90 1209 108 1220 ae
119 1205 138 1220 ad
151 1206 210 1220 cuncta
221 1205 287 1225 agenda,
301 1205 322 1220 ita
334 1205 376 1225 quod
390 1205 437 1220 aliter
448 1210 465 1220 se

91 1229 149 1245 habere
160 1233 191 1245 non
203 1231 254 1249 potest
264 1229 281 1244 in
293 1229 371 1248 iaciendo,
380 1234 428 1250 quam
440 1229 466 1245 dc-

90 1254 146 1272 crevit,
152 1256 208 1274 estque
217 1253 323 1269 necessarium
332 1256 349 1269 ut
356 1254 379 1269 sic
387 1256 427 1274 agat,
436 1254 466 1270 aie-

90 1280 108 1294 ut
120 1283 167 1298 agere
182 1278 272 1294 invariabili
288 1278 369 1294 voluntate
381 1283 399 1294 ec
414 1278 466 1299 perle-

90 1303 162 1318 ctissima
174 1302 253 1323 sapientia
267 1307 296 1318 sua
311 1303 385 1319 instituit.
398 1303 417 1319 Et
432 1303 466 1319 haec

90 1327 177 1343 necessitaa
187 1329 211 1343 eat
222 1327 279 1347 partim
286 1327 312 1348 <ut
321 1329 381 1343 tactum
391 1328 422 1348 est>
429 1332 466 1344 con-

495 1082 581 1098 tentionem
592 1081 681 1097 Aristotelis
692 1086 711 1097 ao
721 1081 806 1097 Avicennm
818 1082 869 1097 decla-

495 1107 565 1124 randam,
574 1106 633 1122 dicitur
640 1106 682 1126 quod
692 1106 746 1122 decern
756 1106 807 1122 modis
818 1108 870 1127 potest

494 1135 511 1146 se
521 1130 582 1151 aliquid
593 1130 652 1146 babere
662 1130 682 1146 ad
694 1135 733 1146 esse.
742 1130 771 1146 Sed
784 1135 814 1151 pro
826 1135 869 1147 nunc

494 1155 555 1171 sufficit
568 1157 599 1171 tres
611 1155 666 1170 modos
681 1159 750 1170 narraret
763 1155 826 1170 Etenim
840 1155 869 1171 ali-

493 1180 532 1200 quid
545 1180 588 1195 aliud
602 1184 611 1195 a
623 1179 659 1198 Deo,
670 1182 709 1200 puta
721 1179 832 1200 intelligentia,
841 1180 869 1195 tri-

494 1204 558 1225 pliciter
570 1204 634 1225 ponitur
646 1208 685 1220 esse.
696 1204 753 1223 Primo,
765 1204 807 1225 quod
819 1209 839 1220 ex
851 1209 868 1220 aa

493 1229 514 1245 sit
522 1233 586 1245 necesse
593 1233 628 1245 esso
638 1228 731 1247 formaliter,
740 1229 766 1244 sed
774 1233 784 1244 a
792 1229 824 1244 Deo
831 1234 868 1244 can-

493 1254 553 1269 saliter.
562 1253 639 1271 Secundo,
648 1253 689 1273 quod
698 1257 717 1268 ex
724 1257 741 1268 se
750 1253 771 1268 ait
779 1253 868 1269 formamen-

494 1283 558 1294 necesse
570 1282 610 1297 esse,
620 1279 636 1293 et
648 1277 668 1293 ab
680 1277 711 1293 alio
724 1278 837 1298 dependenter,
846 1278 868 1293 ita

494 1303 535 1324 quod
544 1304 609 1323 propter
616 1301 716 1317 essentialem
726 1302 797 1318 ordinum
806 1304 868 1318 contra-

493 1327 542 1343 dictio
554 1329 595 1343 esset
609 1326 696 1342 secundum
711 1331 746 1342 eoae
759 1326 794 1342 sine
809 1327 867 1348 primo,
