1088 1569
301 135 354 149 QVAUS
365 135 388 147 sn
399 135 482 147 ms'rfflfflo
493 135 538 147 imm
549 135 633 147 ammun
644 136 697 147 mvnta

858 131 888 147 165

130 178 210 196 Quantum
221 178 241 194 ad
252 178 322 197 tertium,
330 178 366 194 dico
377 178 419 199 quod
431 177 507 194 rnodusA
515 178 595 194 realitates
607 183 610 194 ι
623 178 665 194 sicut
677 178 768 194 humanitas
780 181 804 194 est
815 178 887 199 quisdam

110 203 208 219 intrinsecus
219 208 251 219 non
262 205 285 219 est
296 203 318 219 rei
331 203 423 222 [οι-10111111,
435 207 487 223 noque

110 228 188 248 perseius
196 228 244 248 primi
254 228 306 248 modi3
314 228 370 243 modus
378 228 421 243 enirn
432 228 487 243 intrin-

109 257 157 268 secus
172 252 250 273 posterior
262 254 286 268 est
301 257 318 268 rc
333 252 373 273 ipsa.
386 252 416 268 Sed
431 252 487 268 modus

109 277 207 293 intrinsecus
222 277 249 293 ille
261 279 285 293 eet
297 277 325 298 qui
339 277 425 293 adveniens
438 277 486 293 alicui

109 302 131 317 de
146 306 178 322 quo
193 301 282 318 formaliter
296 302 361 320 dicitur,
376 302 400 317 vel
416 302 437 317 ab
452 302 487 322 ipso

109 326 199 345 discedens,
211 331 243 342 non
255 327 306 342 veriat
318 326 353 346 ejus
366 326 443 342 rationem
455 326 487 342 {or-

110 351 170 367 malem
184 356 187 367 :
200 353 218 366 ut
230 351 243 366 si
258 351 314 367 albedo
329 350 367 366 insit
381 351 429 366 alicui
444 355 487 366 nunc

110 376 195 394 intensius,
206 380 249 391 nunc
259 375 346 391 remissius.
354 384 373 387 —-
383 375 423 391 Sunt
434 377 486 391 autem

110 402 180 421 quatuor
191 400 233 416 modi
246 400 328 416 intrinseci
341 400 443 420 principales.
455 399 487 415 Pri-

109 430 147 440 mus
159 427 183 440 eat
195 425 288 445 quantitatis
300 424 379 443 virtualis,
392 426 409 440 ut
421 424 486 440 finitum

109 451 126 465 et
140 449 228 468 infinitum,
241 449 321 465 intensum
335 451 351 465 et
365 449 455 465 remissum.
467 449 485 464 Hi

514 203 608 222 formalitas,
616 203 642 219 eui
652 203 776 224 correspondent
786 203 840 219 multa
850 203 889 219 hac·

514 228 584 246 ceitates,
593 233 629 248 quae
639 230 676 243 sunt
687 228 759 248 quaedam
770 228 858 248 realitates;
869 228 888 243 si-

514 252 575 268 militer
585 252 680 268 humanitati
691 257 727 273 quie
739 254 762 268 est
773 252 845 273 quaedam
856 257 888 268 rea-

514 277 556 296 11118,
572 279 619 298 prout
633 279 657 293 est
671 277 748 296 Socrates,
764 277 888 298 correspondent

514 302 619 320 animaleitas,
636 302 738 322 corporeitas,
755 302 886 317 substantialitas.

514 326 543 344 Qui
554 326 611 342 modus
620 326 633 341 si
645 326 685 342 benc
695 326 773 347 capiatur,
783 326 853 342 ostendit
864 331 888 342 11-

514 351 574 366 tionem
591 351 713 366 univocationis.
729 351 773 366 Unde
790 351 830 366 ratio
846 351 888 366 entis

514 380 564 396 quum
579 375 600 391 sit
614 376 686 396 quiedam
702 375 795 394 forrnalitas,
807 377 823 391 et
837 375 857 391 de
871 380 888 391 se

514 405 543 416 nee
556 400 603 416 finita
617 405 646 416 nec
659 400 729 419 infinita,
740 400 771 416 Deo
783 402 799 416 et
811 400 888 416 creaturis

514 424 604 440 communis
616 426 649 445 est3
662 426 678 440 et
688 429 738 445 quum
751 425 772 440 sit
783 429 815 440 una
830 424 888 440 forma-

514 449 556 468 litu,
565 449 634 465 ostendit
644 449 686 469 quod
698 449 717 465 de
728 449 753 465 his
764 449 783 465 de
794 449 853 470 quibus
865 449 888 465 di-

109 474 170 490 etenim
178 474 221 490 modi
228 474 291 490 variant
299 478 351 489 rerum
361 474 446 492 realitates,
454 478 485 489 non
496 473 507 489 Β
514 473 561 492 citur,
572 474 640 490 univoce
652 473 752 494 prasdicetur.

110 498 220 514 formalitates.
233 498 319 514 Catamitus
333 498 376 514 enim
390 500 414 514 est
429 498 487 514 torma-

110 523 148 539 litas
161 523 245 542 albedinis,
258 525 273 539 et
285 528 387 544 quecumque
399 523 486 539 variatione

110 548 153 564 lacta
160 552 179 563 ex
189 550 234 569 parte
243 547 321 563 albedinis
332 547 384 568 quoad
391 547 426 568 ejus
437 548 486 563 inten-

109 572 172 588 sionem
180 572 205 588 vel
216 572 331 591 remissionem,
339 572 390 587 nihilo
399 572 453 587 minus
463 573 486 587 est

109 601 156 617 nque
165 597 236 612 secundo
245 596 334 615 colomitas,
343 596 385 612 sicut
395 596 452 617 primo.
460 596 486 612 Se-

109 622 172 637 cundus
180 622 237 637 modus
244 624 268 637 est
275 621 342 637 actualis
349 621 486 637 exsistentiaNer-

109 646 127 662 hi
138 646 194 666 grstia,
204 646 276 662 Socrates
286 646 319 666 jam
330 648 359 665 est,
370 648 386 661 et
398 646 442 666 prius
454 650 485 661 non

110 670 147 686 luit.
159 670 235 689 Quamvis
248 671 269 686 sit
281 671 304 686 ibi
316 670 383 686 variatio
397 671 412 686 in
427 670 485 686 actuali

109 695 202 711 exsistentia
213 695 287 714 Socratis,
298 697 351 711 tamen
363 695 402 711 ratio
413 695 486 710 burnani-

110 719 154 738 tatis,
162 724 198 740 quea
204 722 229 735 est
236 720 308 740 quadarn
316 719 409 738 formalitas,
417 719 432 735 in
441 719 486 735 nullo

109 744 169 760 variari
182 744 251 760 videtur.
261 744 323 760 Tertius
336 744 392 760 modus
404 746 428 759 est
441 743 486 759 reali>

534 498 563 514 Pro
573 500 635 519 quarto,
643 498 757 514 advertendum
769 498 811 519 quod
822 498 889 514 attribu-

513 522 549 539 talis
565 522 647 543 perfectio,
659 523 746 539 seeundum
759 523 831 539 doctor-es
844 523 887 542 istos,

513 549 583 568 quatuor
594 547 646 563 modis
657 547 740 568 accipitur.
753 547 788 563 Uno
800 548 846 563 modo
859 552 888 568 pro

513 572 557 588 omni
568 572 653 592 praedicato
660 572 702 592 quod
712 572 761 588 alicui
769 572 792 587 rei
800 572 875 588 convenit
883 577 887 588 ι

513 596 541 617 qui
557 597 612 612 modus
626 601 655 612 nec
671 596 745 617 proprius
759 599 789 615 est,
802 601 831 612 nec
845 601 888 612 corn-

513 621 584 637 muniter
596 621 668 637 usitatus.
680 621 752 637 Secundo
764 622 811 637 modo
821 621 888 637 attribu-

514 646 553 662 tales
565 646 672 666 perfectiones
684 648 770 661 sumuntur
782 646 846 667 proprie
859 651 888 667 pro

513 670 557 686 omni
569 671 616 686 modo
628 670 727 691 exprimente
738 670 761 686 roi
773 670 887 691 perfectionem
895 674 901 677 “

514 695 606 716 primariam
614 695 648 711 sive
656 695 766 711 secundariam
772 700 776 711 :
782 695 838 716 sicque
845 697 888 711 ‹eter-

513 720 560 738 nitas,
574 720 665 738 necessitas,
677 719 754 738 iniinitas,
766 720 841 735 dicuntur
853 724 888 740 pers

514 744 590 760 rectiones
607 744 713 760 attributales.
732 744 785 760 Tertio
802 746 888 760 sumuntur

109 768 153 784 tatis.
161 768 208 784 Verbi
219 768 275 789 gratia,
286 770 371 789 antequam
383 768 446 784 realitas
457 769 486 784 hu-
495 769 506 786 C
514 769 624 789 propriissime
635 773 664 789 pro
673 769 716 784 omni
728 768 750 784 rei
761 768 859 789 perfectione
866 773 888 784 se-

83 805 86 808 .
109 793 192 809 manitatis
203 795 242 812 crat,
251 798 282 809 11011
294 793 347 809 minus
358 793 389 809 Deo
399 793 486 813 objicieba-

109 820 138 834 tur
148 818 188 834 ratio
199 818 303 833 humanitatis
312 822 316 833 :
325 818 363 838 quia
372 823 391 833 ex
403 818 432 833 hoc
443 818 485 838 quod

109 842 202 858 humanitas
213 842 273 863 incepit
284 842 343 858 habere
353 847 393 861 esse,
401 842 442 858 Dens
453 847 485 858 non

110 867 171 887 incepit
182 871 277 887 cognoscem
292 867 417 885 humanitatem:
430 868 446 882 et
458 871 486 887 per

109 896 211 912 consequens
218 891 315 911 quidditates
324 893 433 907 creaturarum
441 893 486 907 erant

110 916 127 931 in
134 916 161 931 Dei
168 915 239 936 potentia
246 915 339 936 objectiva',
344 916 417 936 quamvis
425 916 485 931 nullam

110 940 199 956 realitatem
210 940 291 956 haberent.
301 940 398 956 Adveniente
407 945 444 960 ergo
455 945 486 956 rea·

109 965 161 984 litate,
172 969 203 981 non
215 965 278 980 videtur
289 965 356 981 variatio
367 970 386 981 ex
399 967 443 985 parte
454 965 486 981 sor-

109 990 191 1006 malitatis.
204 989 272 1008 Quartus
287 990 343 1005 modus
358 992 381 1005 est
396 990 484 1006 haecceitas.

109 1014 158 1030 Verbi
167 1014 223 1034 gratia,
232 1014 277 1034 signo
287 1014 369 1030 individua
379 1014 450 1034 ejusdem
462 1019 486 1030 ra-

109 1039 164 1058 tionis,
177 1038 263 1057 Socratem,
277 1038 363 1055 Platonem.
376 1038 451 1057 Quamvis
465 1039 485 1055 sit

514 794 596 812 cundsria,
611 795 627 809 et
642 798 674 809 non
690 793 801 814 quidditativa,
817 798 853 814 qum
868 798 887 809 ex

513 818 591 834 creaturis
601 818 632 834 Deo
640 818 750 833 attribuuntur
758 823 762 834 ζ
770 820 786 833 et
796 818 819 834 sic
827 818 888 839 sapien-

513 843 541 861 tia,
553 839 618 861 caritas(
628 842 696 861 bonitas,
709 842 767 861 unitas,
778 842 854 858 dicuntur
865 845 888 858 at-

514 867 579 883 tributa.
589 867 648 885 Quarto
660 869 746 883 sumuntur
756 872 765 882 a
777 867 874 888 proprietate
883 872 886 883 :

513 892 569 912 sicque
579 892 619 907 Patri
631 891 734 907 attribuimus
745 892 837 912 potentiam,
848 892 888 908 Filio

513 916 614 937 sapientiam,
626 916 692 937 Spiritui
708 916 765 932 Sancto
779 916 886 932 clementiam.

514 941 585 957 Dimissis
596 945 633 961 ergo
643 941 700 957 ceteris
711 941 767 960 modis,
778 941 857 961 loquendo
868 941 887 957 de

513 966 547 981 solo
561 966 608 981 tertio
622 966 669 981 modo
684 965 726 981 inter
737 965 809 981 doctores
824 965 886 984 usitato,

512 990 575 1006 videtur
582 990 624 1011 quod
632 990 718 1006 secundum
727 990 855 1011 imuginationern
862 991 888 1006 do-

513 1017 574 1031 ctorum
583 1015 656 1033 istorum,
664 1014 761 1030 attributalis
771 1014 847 1035 perfectio
855 1019 886 1031 non

513 1040 533 1055 sit
546 1040 576 1055 nisi
590 1039 666 1060 perscitus
678 1039 743 1055 secundi
756 1039 804 1055 modi.
815 1039 844 1056 Pro
855 1044 887 1060 quo

108 1064 177 1080 variatio
189 1063 205 1079 in
216 1068 271 1079 eorum
282 1064 378 1082 haecceitate,
389 1068 420 1080 non
432 1066 484 1080 tamen
493 1065 505 1080 D
513 1064 570 1080 melius
588 1064 696 1084 intelligendo,
713 1064 795 1080 sciendum
811 1064 853 1085 quod
870 1064 886 1080 in

109 1089 126 1104 in
136 1088 240 1107 humanitate,
249 1088 324 1108 quoniam
335 1088 374 1104 ratio
382 1088 485 1104 humanitatis

109 1118 155 1134 oque
166 1112 197 1128 t'uit
207 1115 244 1128 ante
254 1115 271 1128 111
282 1113 328 1128 modo
337 1113 404 1133 :sicque
415 1113 486 1129 variatur

109 1138 167 1154 modus
174 1137 209 1153 sine
216 1137 304 1153 variatione
311 1137 417 1153 formalitatis,
426 1137 486 1153 Dicitur

109 1166 147 1183 ergo
155 1162 212 1177 modus
222 1161 323 1180 intrinsecus,
332 1166 363 1177 non
372 1162 414 1182 quod
423 1162 457 1183 ipse
465 1162 486 1178 sit

110 1186 204 1205 formalitas,
216 1186 243 1202 sed
256 1187 298 1207 quod
311 1187 400 1202 necessario
412 1187 486 1203 determi-

110 1214 157 1227 natur
168 1216 197 1232 per
207 1211 260 1232 ipsum
272 1211 360 1227 formalitas
371 1211 390 1227 ad
401 1216 435 1227 esse
445 1212 486 1227 exsi-

111 1236 177 1252 stentia).
190 1235 210 1251 Et
221 1240 241 1251 ex
254 1236 284 1251 hoc
299 1238 347 1256 patet,
360 1236 403 1257 quod
416 1236 486 1252 formali-

112 1263 150 1276 tatcs
161 1265 181 1276 ex
194 1261 260 1281 propria
270 1261 330 1276 ratione
342 1265 374 1276 non
386 1263 423 1276 sunt
436 1261 486 1277 linitae

112 1289 140 1301 nec
147 1285 221 1301 inl'initae.
229 1284 251 1301 Ex
259 1285 318 1305 quihus
327 1285 411 1301 manifeste
420 1288 487 1306 apparet

112 1310 180 1330 1111111101-
192 1310 220 1326 uni
236 1310 303 1326 1011111ιὶ
317 1311 441 1331 correspondent
452 1311 487 1331 plu-

114 1339 138 1350 res
147 1334 258 1353 tormalitates,
267 1336 283 1350 et
292 1335 319 1350 uni
332 1334 422 1351 formalitati
434 1335 487 1356 plures

513 1089 629 1109 quidditatibus
636 1090 745 1104 creaturarum
755 1091 792 1104 sunt
802 1089 833 1104 tria
842 1089 887 1109 signs

513 1113 619 1134 imaginandn.
630 1113 700 1129 Primum
711 1115 735 1129 cst
748 1113 763 1129 in
775 1118 806 1134 quo
817 1113 840 1129 eis
850 1118 887 1129 con-

512 1138 580 1154 veniunt
589 1138 643 1153 omnia
653 1142 689 1158 qua
696 1138 715 1153 de
724 1137 763 1158 ipsis
773 1138 825 1159 primo
833 1140 848 1154 et
859 1143 887 1159 per

512 1168 529 1179 sc
539 1162 644 1179 verificantur
654 1167 658 1178 :
669 1165 686 1178 ut
697 1162 788 1178 humanitas
797 1165 821 1179 est
831 1163 888 1179 huma-

513 1188 560 1204 nitas.
572 1187 662 1203 Secundum
677 1187 740 1207 signum
753 1189 777 1203 est
791 1188 807 1203 in
819 1192 851 1208 quo
863 1188 886 1204 cis

513 1212 610 1228 conveniunt
621 1216 657 1232 quae
667 1212 687 1227 dc
697 1212 736 1232 ipsis
747 1212 823 1227 dicuntur
831 1217 887 1228 secun-

513 1237 533 1253 do
546 1237 592 1253 modo
603 1236 666 1252 dicendi
677 1241 681 1252 t
692 1238 709 1252 ut
721 1236 769 1252 bomo
779 1238 802 1252 est
814 1236 885 1252 risibilis.

513 1262 585 1277 Tertium
597 1261 666 1281 signum,
679 1261 695 1276 in
709 1265 741 1281 quo
753 1261 776 1277 eis
789 1261 886 1277 conveniunt

514 1286 599 1307 pmdicata
610 1290 639 1306 per
647 1285 721 1301 accidens
730 1290 733 1301 :
742 1287 759 1301 ut
770 1285 818 1301 bomo
827 1287 851 1301 est
861 1290 887 1302 cer

514 1311 579 1327 loratus.
594 1310 620 1326 Sic
635 1310 654 1326 ad
671 1310 769 1330 propositum
785 1310 885 1331 applicando,

516 1335 623 1356 imaginamur
630 1335 671 1355 quod
679 1334 733 1350 omnis
739 1335 845 1355 quidditativa
852 1340 888 1352 con-
