1088 1569
191 125 212 137 ΑΝ
223 125 273 137 ulssm
284 126 299 137 ιΝ
310 125 367 137 olvn‘tls
377 125 442 137 omarus!
453 125 570 137 ESSE-urium
580 126 608 137 νιι
618 126 734 140 κοποΝΛιιτκι,
745 126 777 137 m.

844 121 874 137 ωδ

91 172 132 183 esse
142 173 195 187 suum,
203 168 230 184 sod
240 168 282 184 sicut
291 173 300 184 a
311 168 391 189 principio
399 169 473 184 movente
481 168 493 183 Α
501 168 562 184 ner-tio
572 170 620 189 atque
630 169 702 189 spiratio,
711 169 762 185 solum
774 168 795 184 ab
805 171 874 188 mterno3

93 192 151 213 ipsum
160 198 189 213 per
197 193 282 213 imperinm
290 193 309 208 ad
318 193 361 209 inuno
368 195 427 208 actum.
434 192 473 211 Onia

93 222 136 233 vcro
147 217 163 233 in
174 218 234 233 divinis
246 218 318 238 personis
331 222 362 233 non
375 220 427 238 potest
439 222 473 233 esse

92 242 183 258 auctoritas
196 244 269 263 respectu
281 242 331 261 missi,
343 242 372 258 nisi
384 242 473 258 secundum

93 267 176 287 originem
192 267 268 287 essendi3
284 267 319 283 ideo
334 272 353 283 ox
369 267 472 287 consequenti

94 290 194 311 importatur
208 291 264 307 relatio
278 291 344 312 originis
360 291 375 307 in
391 291 472 310 missione,

94 316 185 331 secundum
197 320 244 336 quarn
256 318 280 331 est
291 316 376 334 notionale,
387 318 403 331 et
414 316 474 336 prinei—

95 340 156 360 paliter
166 340 261 361 importatur
268 341 307 356 ordo
316 341 335 356 ad
346 341 427 357 missionis
435 340 474 356 effo-

95 367 148 383 etum,
158 365 246 381 secundum
258 370 306 385 quern
319 367 343 381 est
354 365 444 381 essentiale.
456 365 472 380 lu

96 389 199 410 processione
209 391 263 405 autem
276 390 359 410 temporali
368 392 392 405 est
402 391 473 405 econtra-

96 414 122 430 rio
134 418 138 429 z
149 414 186 434 quia
199 414 279 435 processio
291 415 379 430 secundum
391 419 436 430 suam
449 419 474 430 ra-

95 439 163 457 tionein,
178 441 225 459 prout
239 439 309 455 sumitur
323 439 339 455 in
354 439 419 458 diviniS,
434 439 472 455 dicit

501 193 581 213 processio
593 195 609 208 et
621 193 678 212 exitus,
690 193 737 209 modo
749 195 816 214 utroque
825 198 828 209 :
838 198 874 208 narn

501 217 550 233 Filius
564 217 584 233 ah
596 220 655 234 intorno
670 218 747 238 processit
760 220 777 233 ut
789 218 809 233 sit
823 218 874 237 Dens;

501 242 610 262 temporaliter
619 247 662 260 vero,
671 244 688 258 ut
699 242 720 258 sit
730 243 778 258 homo
787 242 875 258 seeundum

502 267 593 282 missionem
605 267 691 286 visibilem,
701 267 726 283 vel
738 269 755 283 ut
766 267 786 283 sit
797 267 813 282 in
826 267 876 283 homi-

502 296 521 307 ne
529 292 617 307 secundum
626 292 724 307 invisibilem
734 292 832 307 missionem.
840 291 876 308 Haec

501 316 569 332 Thomas
580 316 596 332 in
607 316 677 332 Summa⁴

521 341 608 356 Concorilat
618 341 706 357 Richardns
717 346 746 361 per
755 341 814 357 emnia.
823 341 853 357 Sed
861 343 876 356 et

501 365 560 385 scripta
570 365 634 381 Thomae
644 365 660 381 in
672 365 696 381 itis
706 366 802 381 concordant
812 365 876 386 seriptis

501 390 567 405 Albertii

521 414 603 430 Udalricus
613 419 677 435 quoque
689 415 704 430 in
716 414 781 430 Summa
792 419 826 434 sua,
834 414 876 430 libro

501 439 553 458 tertio,
561 441 666 455 consonanter
677 439 702 455 his
713 439 769 455 scribit
777 444 781 455 ;
789 439 845 455 Omnia
855 439 876 455 is-

96 463 159 479 exitum
170 468 179 479 a
189 463 270 484 principio
279 464 374 484 origin-nte,
382 466 398 479 et
408 468 439 480 non
450 464 473 479 ‹li-
482 464 494 479 B
502 466 522 482 la,
534 463 609 479 videlicet
624 463 704 484 processio
717 464 815 484 temporalis,
828 464 876 480 dona-

96 488 119 504 cit
134 488 206 504 ordinem
219 488 238 504 ad
252 488 329 504 effectum
342 488 372 504 nisi
387 493 406 504 ex
419 493 474 504 cons&

97 513 160 533 quenti,
168 512 243 529 videlicet
251 515 329 533 qnantum
336 513 356 529 ad
364 513 429 529 modum
437 517 474 534 pro-

97 537 218 553 cessionisjdeo
226 538 305 558 processio
312 537 404 558 temporalis
412 538 474 553 videtur

97 562 209 583 principaliter
220 562 305 581 nationale,
314 564 330 578 et
339 567 358 578 ox
369 562 472 583 consequenti

96 586 189 607 significare
197 587 282 602 essentiam
293 587 353 603 ratione
362 586 442 603 connotati
451 586 474 602 el-

96 611 154 626 fectus.
163 611 207 627 Datio
218 615 256 627 vero
267 611 319 627 adhuc
332 611 368 632 plus
380 611 442 627 accedit
453 611 473 626 ad

95 635 182 651 essentiam
194 640 242 656 quam
254 636 315 651 missio.
326 635 361 651 Hinc
373 635 447 651 Thomas.

116 660 236 680 Concordatque
243 660 304 679 Petrus,
313 660 340 681 qui
350 665 414 676 causam
424 660 473 681 hujus

96 684 181 705 positionis
192 685 267 705 assignat,
276 685 351 705 qnoniam
365 689 423 700 nomen
435 685 473 700 mis-

95 709 146 725 sionis
154 709 174 725 ah
184 709 243 725 effectu
253 710 337 730 temporali
346 710 397 730 magis
408 710 473 730 imposi-

96 736 130 750 inm
142 736 171 751 est.
183 739 231 754 quarn
242 734 262 750 ab
273 735 374 750 emanatione
385 736 449 750 interna.

501 488 528 507 tio,
538 488 597 507 missio,
606 490 643 504 sunt
652 488 704 504 medin
712 488 754 504 inter
761 488 826 504 nomina
836 493 876 509 pure

501 513 591 529 essentialia
602 515 619 529 et
630 517 671 534 pure
683 513 770 529 notionalia
781 518 809 529 seu
823 518 876 534 perso-

501 538 544 553 nalia
556 542 559 553 :
573 538 648 558 quoniam
664 538 726 554 ratione
740 537 808 553 effectus
821 538 876 554 dicunt

500 562 597 582 essentiam,
611 562 637 578 sed
651 563 712 578 rationo
724 562 826 583 proprietatis
838 567 875 578 enm

501 591 532 607 qua
540 586 693 602 effeetus‘convenit
699 587 772 607 (propter
780 591 828 607 quarn
839 591 876 602 con<

501 611 598 627 venientiam
607 611 633 627 ille
641 611 709 627 aflectus
719 611 756 632 plus
762 611 876 632 appropriatur

501 636 528 651 uni
536 641 607 657 personae
614 641 662 656 quam
670 636 723 656 alteri)
729 636 785 651 dicunt
791 636 874 651 notionem.

500 660 594 681 Specialiter
605 663 658 676 autem
670 661 750 681 loquendo
761 661 781 676 de
793 660 874 679 missione,

500 685 569 701 dicimus
585 685 627 706 quod
644 690 701 701 numen
718 685 748 701 hoc
765 685 876 705 principaliter

500 710 539 725 dicit
551 710 642 728 essentiam,
653 712 669 725 ot
681 709 775 725 secundario
788 710 874 725 notionem.

500 733 551 752 Quum
563 734 605 749 enim
617 734 693 754 importet
705 736 795 754 respectum
808 734 827 749 ari
840 734 876 749 mit-

116 759 184 779 lnsuper
194 758 261 775 Thomas
273 759 288 774 in
299 759 419 774 determinando
431 759 473 779 quod
481 758 492 774 C
501 761 566 777 tentem,
574 760 590 774 et
598 758 635 774 item
643 758 662 774 ad
671 763 707 774 oum
716 758 743 779 qni
752 758 826 777 mittitur,
835 758 877 774 intcr

96 784 152 800 missio
167 783 225 800 divinat
240 788 312 804 persona)
327 789 358 800 nou
374 784 424 805 possit
439 789 472 800 esse

95 811 161 827 nunna,
172 811 249 824 consonat
261 809 364 829 pminductis
375 814 394 824 ex
406 809 473 824 Alexan-

95 833 130 849 dro.
139 833 198 849 Verum
206 833 222 849 in
231 833 283 854 prima
293 835 339 854 parte
346 833 422 852 Summas,
430 838 473 854 qua>-

96 858 149 874 stione
156 858 277 878 quadragesima
285 858 337 876 tertia,
344 858 363 873 de
371 858 401 874 hoc
410 858 473 878 plenius

96 882 159 901 scribit,
168 882 223 898 dicens
231 887 235 898 ;
244 883 260 898 ln
272 883 297 898 his
307 887 343 903 quie
353 882 440 903 important
450 883 474 898 di-

96 907 172 923 vinarum
179 907 258 927 originem
265 912 375 927 personarum,
381 907 473 923 differentia

96 932 170 952 quasdam
178 933 201 947 est
212 932 312 947 attendenda.
321 931 394 950 Quoedam
404 932 448 947 enim
457 932 472 947 in

96 961 125 972 sua
137 956 255 977 significatione
268 956 355 977 important
366 956 416 972 solam
429 956 474 972 habi-

97 981 170 997 tudinem
182 981 201 996 ad
214 980 312 1001 principium
323 985 326 996 :
336 983 354 996 ut
366 981 446 1001 processio
458 983 474 996 et

97 1006 155 1022 exitus.
164 1005 237 1024 Quasdam
248 1010 286 1021 vero
298 1010 335 1021 cum
348 1005 442 1021 habitudine
453 1005 473 1021 ad

97 1030 197 1052 principium
208 1030 315 1046 determinant
326 1030 431 1050 processionis
443 1032 474 1045 ter-

501 785 583 804 rospeetus
591 783 619 799 hos
629 783 709 799 secundus
718 785 742 799 est
752 783 853 804 principalis,
861 786 876 799 et

501 808 562 824 ratione
575 808 618 824 illius
630 808 702 828 designat
714 808 799 823 essentiam
812 810 877 828 propter

501 832 577 848 eflectum
588 837 637 853 super
648 837 696 853 quem
709 834 790 853 respectus
802 832 829 848 ille
841 832 877 848 tnn-

501 858 552 873 datur.
561 857 623 873 Primus
633 859 686 872 autem
697 859 777 877 respectus
787 859 811 872 est
821 861 877 872 secun-

501 881 555 897 darius
564 881 646 902 (qnoniam
658 883 736 902 quantum
748 883 772 897 est
783 881 803 897 de
816 881 876 897 ratione

501 906 557 927 ipsius,
567 906 601 926 ipse
610 906 694 921 ordinatur
701 906 720 921 ad
730 906 818 922 seeundum
828 906 875 921 istum

501 933 591 951 respectum
601 932 677 951 tanquam
687 930 707 946 ad
718 930 780 950 tinem),
788 932 804 946 et
815 930 876 946 ratione

501 956 545 971 illins
553 955 600 976 primi
609 956 690 975 respectus
698 955 773 975 importat
780 955 810 970 hoc
817 959 875 970 nomen

502 980 594 996 relationem
605 979 672 1000 originis
681 984 684 995 :
693 979 729 995 ideo
739 979 833 995 secundario
845 979 875 995 hoc

501 1005 578 1025 desig-nat.
590 1004 625 1020 Eme
635 1004 723 1020 Udalricus.

521 1029 602 1048 rraeoerea,
617 1031 634 1044 ut
648 1028 682 1044 hoec
697 1029 756 1044 clarius
770 1029 875 1048 innotescant,

97 1056 166 1071 minum.
172 1055 241 1073 Quorum
250 1055 322 1075 qnmdam
330 1055 437 1070 determinant
445 1056 474 1070 ter-
483 1055 494 1070 Ι)
501 1054 598 1070 advertenda
609 1056 646 1069 sunt
657 1053 706 1070 verba
719 1053 794 1072 Dur-andi,
805 1053 877 1069 scriben-

97 1080 160 1096 minum
178 1081 261 1097 oeternum.
278 1081 295 1095 ut
311 1079 406 1099 generati03
422 1079 474 1100 spira-

97 1105 119 1121 tio
126 1109 192 1125 quoqne
200 1104 262 1125 passiva
271 1104 345 1124 importat
355 1104 472 1125 processionem

96 1129 200 1145 subsistentis
215 1128 279 1144 amoris.
295 1128 368 1146 Onaedam
383 1133 422 1144 vero
437 1133 473 1144 curn

97 1154 192 1169 habitudine
204 1153 223 1169 ad
237 1153 335 1173 principium
347 1153 430 1173 designant
444 1155 474 1169 ter-

97 1179 160 1194 minum
176 1178 285 1198 temporalem,
300 1180 315 1193 ut
331 1177 386 1193 missio
398 1180 414 1193 et
425 1178 472 1193 datio.

97 1203 165 1219 Mittitur
176 1202 219 1218 enim
232 1202 293 1222 aliquid
306 1202 325 1217 ad
341 1202 370 1217 hoc
384 1204 400 1217 ut
413 1202 428 1217 in
442 1202 474 1218 alio

97 1228 123 1246 sit,
131 1229 148 1243 et
155 1227 202 1243 datur
210 1229 226 1242 ut
234 1226 317 1242 habeatur.
326 1226 410 1242 Personam
420 1229 473 1242 autem

97 1252 169 1268 divinam
185 1251 240 1267 haberi
253 1251 274 1267 ab
289 1251 343 1272 aliqua
357 1253 435 1270 creatura,
448 1251 474 1267 vel

97 1281 132 1292 esse
140 1281 181 1292 novo
189 1276 236 1292 modo
243 1276 329 1291 exsistendi
338 1276 354 1291 in
362 1280 386 1294 ea,
395 1278 419 1291 est
426 1276 474 1296 qnod-

97 1302 135 1318 dam
149 1300 241 1321 temporale.
255 1300 295 1316 Hinc
307 1300 362 1316 missio
374 1303 389 1316 et
401 1301 445 1316 datio
458 1301 473 1316 in

97 1326 159 1342 divinis
169 1325 244 1341 dicuntur
251 1325 360 1346 temporaliter
369 1327 440 1345 tantum,
449 1330 475 1345 ge-

501 1079 521 1095 tis
530 1084 534 1094 2
542 1079 631 1094 Videndum
639 1078 678 1098 quid
686 1078 748 1094 dicatur
756 1078 782 1094 liic
789 1078 876 1097 notiouale,

501 1106 516 1119 et
531 1103 569 1124 quid
584 1103 673 1119 essentiale.
688 1103 742 1123 ltaque
757 1103 838 1119 notionalc
853 1105 876 1118 est

501 1128 543 1149 quod
560 1128 628 1144 includit
643 1127 726 1148 proprium
742 1127 811 1148 alicujus
828 1128 876 1143 nnius

502 1157 573 1174 personaa
583 1154 610 1168 aut
621 1153 696 1170 duarum,
708 1152 729 1168 ita
740 1152 782 1172 quod
795 1157 826 1168 non
839 1156 876 1168 con-

502 1177 545 1193 venit
552 1177 627 1193 omnibus
634 1176 694 1192 divinis
702 1176 774 1197 personis
780 1177 803 1197 (et
810 1178 876 1192 vocatur

502 1202 587 1220 nationale,
597 1202 636 1222 quia
646 1201 719 1217 notitiam
729 1201 768 1217 lacit
778 1201 797 1217 de
808 1205 876 1221 persona

501 1229 578 1247 qnantum
591 1226 610 1241 ad
624 1225 684 1246 aliquid
697 1226 779 1246 pertinens
790 1226 810 1241 ad
823 1230 876 1246 perso-

502 1256 558 1267 narum
572 1250 708 1270 distinctionem);
719 1250 803 1266 essentiale
816 1252 875 1269 autem,

501 1276 543 1296 qnod
556 1275 631 1291 convenit
642 1274 717 1290 omnibus
730 1274 801 1295 personis
815 1275 875 1291 ratione

502 1300 574 1316 essentias
585 1299 667 1318 absolutas,
680 1299 703 1315 vel
715 1299 784 1319 alicujus
796 1299 874 1318 attributi,

502 1327 519 1341 nt
526 1326 551 1340 est
559 1324 615 1343 bonus,
622 1323 691 1344 sapiens,
698 1324 755 1344 justus.
761 1323 815 1340 Missio
822 1326 875 1340 autem
