1088 1569
295 131 349 145 timus
360 131 383 143 MT
394 131 478 143 nimum«)

101 173 141 189 vult
153 175 171 189 ut
183 178 245 192 verum,
254 173 281 189 sed
294 175 312 189 ut
323 173 389 189 bonum.
398 173 482 194 Quumque

102 198 147 213 Deus
159 198 180 214 sit
190 198 279 214 substantia
289 198 355 214 omnino
365 198 481 217 immaterialis,

102 222 224 242 intellectualis,
234 223 305 241 volitivs,
313 223 348 244 ipse
357 223 378 239 ab
387 225 446 239 averno
458 223 482 238 in-

102 247 192 268 telligendo
199 252 244 263 suam
251 247 343 266 essentiam,
352 247 426 268 intelligit
433 252 450 264 se
458 248 482 263 in-

102 272 178 293 telligere
192 277 227 288 oam
239 272 300 293 absque
314 273 358 288 omni
373 274 447 293 respectu
462 272 481 288 sd

102 299 190 315 creaturas.
196 297 211 313 in
220 299 297 318 quantum
305 302 401 316 verum‚uon
409 297 425 313 in
434 302 483 318 quau—

103 323 141 337 tum
152 321 217 337 bonum.
226 322 301 342 lutelligit
311 326 376 342 quoque
386 326 404 337 se
414 326 449 337 esse
458 322 483 337 in-

102 346 204 367 telligentem
216 348 232 362 et
243 346 348 365 intellectum,
357 351 375 362 ac
387 346 441 362 omnia
452 346 482 362 ista

102 375 141 386 ease
154 371 195 387 idem
207 375 229 390 re,
237 373 253 387 et
265 371 298 387 sola
310 371 370 387 ratione
383 371 481 391 intelligendi

103 395 178 411 differi-e.
186 395 229 414 Quod
239 400 341 416 nequaquam
350 398 397 414 esset,
405 396 436 412 nisi
447 396 482 411 ahs-

103 425 139 441 que
153 420 196 436 ornni
212 423 285 441 respectu
299 422 315 436 et
329 421 448 441 comparatione
462 421 481 436 sd

103 447 193 464 creaturas,
200 447 242 461 esset
252 445 335 466 pluralitas
344 447 393 466 atque
400 445 482 461 distinctio

102 469 219 485 attributorum
229 470 318 486 secundum
329 470 420 486 essentiam.

126 494 153 510 Est
160 499 197 515 ergo
205 494 221 510 iu
229 494 332 515 simplicitate
341 495 400 511 divina
407 495 481 511 essentia

102 519 165 540 triplex
175 519 257 540 pluralitas
266 521 283 535 et
292 519 373 536 distinctio
382 524 386 535 2
395 525 427 535 una
435 519 482 536 diff&

104 544 176 560 rentium
188 544 222 560 sola
232 544 293 560 ratione
306 544 395 565 respectiva
407 545 426 560 ad
439 549 482 560 crea-

103 571 151 584 turas
163 571 212 587 extra,
223 571 241 584 ut
253 571 290 585 sunt
303 569 351 589 idea;
362 569 394 585 alia
405 569 482 585 differen-

103 593 148 609 tium
159 594 192 610 sols
204 593 265 609 ratione
277 594 366 614 respectiva
377 594 396 609 sd
409 594 456 613 intra,
464 596 482 610 ut

103 618 243 638 northamtonia
250 618 359 634 dircen-entium
369 623 385 634 re
393 619 482 639 respectiva

103 643 126 658 ad
142 643 189 661 intra,
203 643 246 659 sicut
261 647 338 663 personis.
350 643 364 659 Α
378 643 481 664 perfectioni-

103 667 137 683 bus
148 672 184 688 qua»
195 669 233 683 sunt
244 668 260 683 in
272 667 349 683 creaturis
361 670 379 683 ut
389 672 482 688 correspon-

102 692 146 708 deut
161 692 249 708 rationibus
266 692 341 708 idealium
359 692 481 713 perfectionum,

102 717 176 733 sumitur
183 717 223 733 ratio
231 717 292 738 vestigii
302 717 318 733 in
325 717 397 738 qualibet
404 720 482 736 creatura,

102 746 143 762 qun
154 742 229 762 importat
240 742 309 757 rationes
319 742 413 758 imitationis
423 742 483 763 imper-

102 766 158 785 fecto,
164 768 181 782 ut
188 766 249 782 dictum
257 768 285 782 est.
291 767 303 782 Α
311 766 437 787 perfectionibus
444 771 482 783 vero

103 793 216 807 creaturarum
231 793 279 812 prout
293 791 417 812 correspondent
430 791 483 812 perte-

104 815 188 831 ctionibus
195 815 308 832 attributorum
316 816 332 831 in
341 816 377 834 Deo,
383 816 453 832 sumitur
461 821 483 832 ra-

104 840 130 856 tio
142 840 252 856 similitudinis
264 840 281 856 in
294 842 367 856 creatura
381 840 454 856 rationsli
467 843 482 857 ot

105 864 219 881 intellectuali.

127 889 172 908 Quod
183 894 222 910 ergo
232 889 303 905 dicentes
314 890 419 909 contrarium,
427 890 444 906 in
456 891 483 906 de-

105 914 195 930 claratione
202 919 235 930 sun
242 914 325 935 positionis
332 914 391 933 dicum,
396 915 438 935 quod
446 915 483 931 dum

105 939 163 955 divina
172 939 241 954 essentia
250 939 341 960 coneipitur
350 939 438 955 secundum
448 940 484 955 rati-

105 968 155 980 onem
165 968 199 979 suoe
207 963 315 984 simplicitatis
323 964 411 979 secundum
421 969 438 980 se
448 964 484 980 abs·

106 993 140 1009 quo
151 990 224 1009 aspectu
235 990 251 1003 et
262 988 380 1009 comparatione
391 989 410 1004 ad
422 991 484 1005 creatu-

107 1017 139 1031 raa,
148 1012 193 1028 nulla
200 1012 266 1028 omuino
275 1012 357 1028 distinctio
364 1015 392 1028 aut
400 1013 483 1033 pluralitas

106 1037 172 1058 concipi
185 1039 237 1058 potest
249 1037 265 1053 iu
280 1042 304 1056 ea,
317 1037 344 1053 sed
359 1037 411 1053 solum
427 1038 484 1054 unicus

489 130 533 142 urrsa
544 131 629 143 Amnum
640 131 693 143 uivuu
854 127 884 143 1⁶9

489 173 502 189 Δ
510 173 598 192 intellectu,
606 174 697 195 concipitur
706 174 793 190 secundum
804 174 881 190 rationem

509 203 542 214 sun
553 198 666 219 simplicitatis,
679 198 739 219 absque
751 199 795 214 omni
809 201 883 219 respectu

509 224 524 238 et
534 223 626 243 pluralitate
636 223 658 239 rei
669 225 685 239 et
695 224 766 239 rationis.
774 223 804 239 Sed
815 223 838 239 sic
849 223 884 239 nul-

509 247 534 263 lus
542 247 632 264 intellectus
641 250 704 264 creatus
713 252 732 264 ex
741 248 775 264 suis
785 248 884 264 naturalibus

510 274 561 293 potest
572 277 607 288 earu
619 273 709 293 concipere,
720 277 749 289 nec
762 275 814 294 potest
826 273 884 288 intelli-

508 301 546 317 gere
560 301 595 313 eum
610 297 644 313 sins
659 297 757 313 adminiculo
768 299 883 313 creaturarum.

510 322 548 341 lmo,
556 322 632 342 quoniam
644 322 709 343 pelagus
722 322 829 343 simplicitatis
841 322 884 338 illius

509 351 567 367 capere
578 347 633 367 nequit
644 347 660 362 in
671 352 694 366 se,
702 347 773 368 concipit
785 347 837 368 ipsum
849 352 884 368 par-

510 371 588 387 ticulatim
601 371 617 387 in
630 371 711 387 attributis
723 372 804 393 conceptis
816 372 836 387 de
849 372 884 393 ipsa

509 400 529 411 ex
537 398 609 416 respectu
616 396 636 412 ad
644 396 781 417 correspondentia
788 396 811 412 eis
819 396 835 412 in
842 401 885 412 crea-

510 420 555 436 turis.
561 420 614 439 Porro.
623 421 636 436 si
644 421 729 441 loquamur
736 421 756 436 de
765 421 825 437 divinas
832 426 885 437 esseu-

509 445 535 461 tioe
545 445 648 466 simplicitate
657 446 728 461 secundo
738 446 790 464 modo,
798 446 821 462 sic
831 446 884 468 qdbuc

491 469 619 486 Bconsideratur
631 470 722 490 dupliciter.
733 470 792 490 Primo,
804 471 820 486 in
833 475 884 491 quan—

509 496 543 510 tum
554 497 607 511 movet
616 494 714 511 intellectum
724 495 769 515 qussi
779 495 849 516 simplici
860 495 885 511 in-

509 519 597 540 telligentia
610 524 613 535 z
627 522 642 535 et
654 519 676 535 ita
688 520 740 535 adhuc
753 520 844 540 concipitur
856 525 885 541 por

510 544 587 560 rationem
599 549 632 560 sun
646 544 754 565 simplicitatis
768 544 828 565 absque
840 545 884 561 omni

510 571 582 590 respectu
590 571 606 585 et
616 569 708 590 plunlitnte
716 569 738 585 rei
748 571 765 585 et
775 569 846 588 rationis¹
855 574 884 585 nec

509 593 557 609 babet
565 594 581 609 in
589 598 606 609 se
614 593 721 614 plurslitatem
728 594 847 613 attributorum,
853 594 884 610 nisi

509 618 554 639 qussi
570 618 586 634 in
602 618 672 639 potentia
687 620 754 634 tanturn*
767 618 826 639 Sicque
841 618 884 639 capit

509 647 544 658 eam
556 643 609 658 omnis
620 642 710 658 intellectus
723 643 784 662 heatus,
793 643 839 664 quasi
853 643 885 664 pri-

509 672 535 683 ma
549 670 565 683 et
579 667 649 688 simplici
664 668 726 683 actione
741 668 845 688 intelligendi.
858 668 885 684 Se-

508 692 567 711 cundo,
576 692 592 708 in
602 694 680 712 quantum
692 692 782 708 intellectus
792 692 837 713 quasi
849 695 885 713 post

509 716 668 737 comprehensionem
685 717 776 737 hujusmodi
793 717 888 737 negotiatur

509 742 552 757 circa
563 741 654 761 hujusmodi
664 741 733 762 simplex
744 742 884 762 comprehensum,

491 767 539 787 Cper
552 768 606 782 notum
621 766 720 787 intelligendi
737 766 845 787 pluralitatem
860 767 885 782 di-

509 793 552 807 ctam
559 791 673 807 attributorum
681 791 771 807 reducendo
778 791 824 812 quasi
832 792 852 807 de
860 796 886 812 po-

509 816 559 831 tentia
570 816 586 831 in
597 818 656 831 sctum.
664 815 683 831 Et
694 816 724 832 boc
735 816 782 832 modo
793 816 833 832 Deus
843 821 885 832 com-

510 840 615 861 prehenditur
627 841 643 856 in
656 845 685 856 sua
697 840 800 861 simplicitate
812 841 856 860 reali,
870 843 886 857 et

510 864 571 885 absque
586 867 659 885 respectu
671 865 690 880 ad
702 867 791 885 croamru3
804 867 820 881 et
832 868 885 881 tamen

511 889 551 905 bene
559 889 649 910 concipitur
656 889 738 905 distinctio
745 891 762 905 et
771 889 854 910 pluralitas
862 894 886 906 ra-

511 914 572 930 tionum
581 914 597 930 in
605 914 645 935 ipso.
650 914 669 930 Et
677 914 707 930 linc
714 916 738 930 est
745 915 788 935 quod
795 914 835 930 dicit
841 914 887 931 Gom—

510 941 589 955 mentator
596 943 645 959 super
651 939 763 955 duodecimum
770 938 885 960 metaphysica,

511 964 584 984 ponendo
598 963 706 979 differentiani
722 963 763 979 inter
778 963 885 984 pluralitatem

511 993 559 1008 quam
573 990 649 1009 operatur
661 988 751 1004 intellectus
763 988 780 1004 in
792 989 886 1009 compositis

511 1017 530 1028 ex
538 1013 605 1028 materis
612 1014 628 1028 et
635 1012 692 1031 forma,
698 1015 714 1028 et
721 1013 829 1033 pluralitatem
837 1018 885 1034 quam

511 1039 586 1058 operatur
598 1037 614 1053 in
625 1037 732 1058 simplicibus,
740 1038 834 1058 exponendo
846 1038 885 1054 illud

106 1062 177 1082 simplex
188 1064 275 1082 conceptus
286 1062 364 1078 formatur
374 1062 393 1078 de
405 1062 439 1083 ipsa
452 1067 484 1079 uno
491 1062 504 1078 D
511 1061 602 1082 Philosophi
611 1062 630 1077 de
640 1062 727 1081 intellectu,
736 1062 763 1077 ubi
773 1062 796 1077 ait
804 1066 807 1078 ε
816 1062 855 1080 Quia
863 1062 886 1078 in-

108 1086 174 1103 nomine
181 1086 294 1107 exprimendus
303 1091 307 1102 2
315 1086 407 1106 dicendum,
414 1087 456 1107 quod
464 1087 484 1103 de

107 1111 212 1132 simplicitate
219 1111 278 1127 divine
286 1111 359 1127 essenfioe
368 1111 455 1132 dupliciter
462 1112 485 1128 lo-

108 1136 136 1156 qui
144 1140 230 1156 possuruus
239 1140 243 1151 ι
252 1140 284 1151 uno
292 1136 345 1155 modo,
353 1136 442 1152 secuudum
449 1141 484 1152 esse

107 1160 151 1181 qnod
162 1160 211 1176 babet
222 1160 238 1175 in
249 1164 266 1176 sc
276 1160 353 1179 absolute,
363 1162 380 1176 ut
393 1165 417 1177 res
429 1163 445 1177 et
457 1166 484 1177 no-

108 1187 144 1200 tura
158 1184 224 1205 aliqu-3
237 1184 269 1201 alio
284 1185 336 1203 modo,
348 1185 436 1201 secundum
450 1190 484 1202 esse

108 1209 151 1230 quod
159 1209 208 1225 babet
215 1209 231 1224 iu
240 1211 318 1229 quantum
328 1212 346 1225 ut
353 1209 411 1225 veritas
421 1210 484 1230 cognita

109 1233 151 1249 cadit
164 1233 180 1249 in
196 1233 284 1249 intellectu.
297 1233 313 1249 Si
328 1234 380 1255 primu
395 1235 448 1253 modo,
461 1235 484 1251 sic

110 1258 170 1274 annun
182 1258 198 1274 in
209 1262 226 1274 so
238 1258 304 1274 omuino
316 1258 364 1274 habet
375 1259 483 1275 diversitatem

111 1284 138 1298 aut
145 1282 310 1303 pluralitatem,etiam
319 1283 440 1302 rstionum,ni1i
448 1288 485 1304 qua-

111 1306 148 1323 siin
158 1307 229 1328 potentia
239 1309 306 1323 tantum.
316 1307 364 1326 Unde,
372 1308 385 1323 si
396 1308 484 1324 secundum

113 1331 153 1347 bunc
167 1332 232 1348 modum
250 1331 286 1347 tslis
302 1337 336 1348 esse
350 1332 450 1353 concipiatur
464 1332 484 1348 ab

512 1086 569 1107 telligit
576 1091 599 1105 se,
607 1088 631 1102 est
638 1086 734 1102 intellectus.
743 1086 772 1102 Ubi
779 1087 836 1102 asserit
843 1086 887 1103 eom-

511 1113 591 1127 mentator
598 1115 602 1127 t
610 1110 665 1131 Magna
677 1113 701 1127 est
712 1111 804 1127 differentia
816 1111 858 1127 iuter
868 1116 887 1127 ea

511 1140 547 1156 qun
554 1135 632 1151 differunt
640 1135 656 1151 iu
667 1140 701 1151 esse
711 1137 779 1155 tantum,
787 1138 804 1152 et
813 1140 849 1156 qun
856 1136 887 1152 dit-

511 1159 565 1176 isruut
578 1160 594 1176 in
608 1160 689 1176 intellectu
702 1162 769 1176 tuntum.
777 1160 887 1181 Multiplicitas

511 1189 549 1205 ergo
561 1184 577 1200 in
589 1184 621 1200 Deo
633 1189 665 1200 non
680 1187 704 1200 est
716 1185 747 1200 nisi
762 1184 855 1201 disserenti·
870 1186 886 1201 iu

512 1209 593 1225 intellectu
604 1211 671 1228 tantum,
683 1214 714 1225 non
726 1209 742 1225 in
753 1214 793 1225 esses

531 1234 558 1250 Est
568 1238 605 1255 ergo
616 1234 632 1250 in
643 1234 674 1250 Deo
684 1234 775 1250 omnimoda
787 1234 840 1250 unitas
850 1234 887 1250 abs-

511 1263 543 1279 que
551 1259 612 1274 rstione
619 1258 715 1279 pluralitatis
725 1259 741 1274 in
749 1259 803 1274 divine
812 1259 886 1278 essentia,

511 1283 599 1299 secundum
611 1283 653 1304 quod
665 1288 690 1299 res
701 1286 724 1299 eet
735 1283 822 1299 secuudum
833 1288 886 1299 essen-

512 1309 550 1324 tiam
560 1308 665 1326 considerata,
673 1310 689 1323 et
698 1308 773 1324 similiter
782 1310 800 1324 ut
810 1313 834 1324 res
844 1308 886 1324 cadit

512 1332 528 1348 iu
537 1332 618 1348 intellectu
626 1332 704 1353 simplicis
712 1332 886 1353 intelligentiam-m·
