1088 1569
151 548 179 559 aen.
184 549 212 561 mo,

145 564 162 576 υς
167 567 178 576 v.
183 565 192 577 ι;
198 567 212 576 ιι.

220 124 250 141 266

388 129 404 141 ut
415 129 470 141 [mum
481 129 486 140 Ι
496 129 617 141 smmum.
629 134 649 136 —
659 129 698 141 ΒΙΒΤ.
710 129 737 145 ΙΙΙ;
748 129 806 143 ths'r.
817 129 828 141 Χ

220 172 259 188 dicit
267 174 356 193 respectum
364 173 383 188 ad
392 172 454 191 scibile,
462 173 489 193 qui
498 173 594 193 conjunctus
601 172 613 188 Α
621 177 655 188 rere
664 177 693 193 per
700 172 813 189 similitudines
822 178 864 189 suas.
873 173 903 189 Sed
911 175 996 193 postquam

219 199 243 213 est
258 197 318 213 habitui
334 202 381 218 quem
397 197 473 218 designat.
487 197 517 213 Sed
532 197 548 213 in
564 197 593 213 hoc

219 224 243 237 est
253 222 336 240 dissimile,
345 222 387 243 quod
398 222 454 238 notitia
464 222 494 238 ista
504 222 562 238 utentis
572 222 594 237 ni-

220 246 242 262 bil
253 246 296 262 aliud
307 249 331 262 est
340 247 428 263 seeundum
439 251 477 265 rem,
488 251 536 267 qnam
549 251 594 263 inens

220 273 263 289 nola,
279 271 324 292 juxta
339 276 404 287 sensum
422 273 521 292 prmiactum,
537 276 594 292 quam-

219 296 244 312 vis
255 296 276 312 sit
288 296 331 312 aliud
342 296 429 312 seeundum
441 296 524 312 rationem.
536 296 594 316 Sieque

220 323 262 341 patet
272 321 341 341 qualiter
350 321 372 337 its
381 323 450 341 sumpta,
459 325 503 337 amor
512 323 528 336 et
537 321 594 337 notitia

219 345 252 361 sint
264 345 280 361 in
294 345 382 361 substantia
395 345 437 361 idem
449 350 486 361 cum
500 347 553 361 mente
566 350 594 361 no-

219 372 278 386 scenve.
292 370 310 386 Et
322 370 344 386 its
357 370 431 390 intelligit
443 370 546 390 Augustinus.
558 370 594 386 Hm

219 395 299 410 Albertus.

244 419 316 440 insuper,
331 419 351 435 de
365 419 471 440 assignatione
486 419 562 435 trinitatis
577 419 592 435 in

219 444 278 463 anima,
288 444 326 460 satis
338 444 400 464 prolixe
412 444 434 460 ait
446 444 540 460 Guillelmus
552 444 594 460 Pari-

621 202 673 213 rerum
685 197 799 213 similitudines
812 198 860 213 habet
869 198 912 218 apud
923 202 940 213 se
949 198 997 213 mini-

620 222 668 237 sterio
681 226 756 237 sensuum
770 222 785 238 in
798 222 864 241 effectu,
873 224 912 238 tunc
925 222 996 243 primum

621 246 692 267 potentia
699 247 816 267 apprehensiva
824 247 872 263 habet
880 247 895 262 in
904 246 963 263 eflectu
971 247 996 262 in-

621 271 702 287 tellectum
714 273 730 287 et
740 272 824 288 rationem.
833 271 910 290 Quoniam
922 276 958 292 ergo
970 272 996 288 vis

621 296 718 312 intellectiva
731 296 776 317 prius
788 296 895 317 apprehendit
905 301 922 312 se
932 301 966 312 esse
976 301 997 312 ae

621 320 680 339 vivere,
688 322 704 336 et
711 325 756 336 suam
764 321 849 337 essentiam
857 325 875 337 ac
883 321 938 339 vitani,
946 325 996 341 qnam

620 345 709 365 exterior-3
725 345 814 361 necessario
829 345 874 366 prius
889 345 997 366 sppmhendit

620 369 671 390 ipsam
683 370 738 389 vitam,
746 370 766 386 de
777 375 808 391 qua
819 370 842 386 vis
854 370 951 386 intellectiva
962 372 997 386 tan-

620 399 668 414 quam
677 395 729 415 proies
737 394 791 410 exivit*
800 394 819 410 Et
827 395 856 411 boc
864 394 969 415 intelligimus
976 395 997 410 de

621 418 653 434 vita
665 419 737 435 interiori
749 419 846 435 intellectiva
858 419 964 435 essentialiter
974 419 998 435 di-

620 443 696 462 cessioni
704 448 739 459 esse
747 444 823 460 rationale
832 449 836 459 2
844 444 891 464 cujus
898 444 935 460 vita
942 444 997 464 proles

219 468 276 484 siensis
287 468 302 484 in
313 468 354 484 libro
364 473 393 484 suo
402 469 422 484 de
429 468 511 487 Trinitate,
520 468 562 484 inter
569 473 594 484 ce-
602 468 644 484 Best
659 468 747 489 intelligere
761 469 831 489 actuale;
844 468 930 489 ipsumque
944 468 996 487 allici,

219 495 253 509 tera
265 493 344 513 loquens:
353 493 405 513 imago
415 495 431 508 et
441 493 532 513 exemplum
543 493 594 509 Trini-

219 518 256 533 mis
268 518 285 533 in
297 518 350 534 anima
362 518 435 534 rationali
448 519 492 533 tanto
504 518 594 534 evidentius

220 543 304 563 reperitur,
313 545 372 563 quanto
379 547 414 558 eam
422 542 504 563 Scriptura
511 543 530 558 ad
539 543 594 563 imagi-

219 572 255 583 nern
266 569 282 583 et
291 567 413 583 similitudinem
423 567 451 583 Dei
461 567 519 583 tacun-
530 572 594 588 expres-

218 592 251 608 sius
264 594 365 613 protestatur,
378 592 398 607 de
411 592 468 607 ceteris
483 592 549 608 omnino
564 592 593 607 boc

218 619 277 633 tacens.
290 617 342 632 Primo
355 616 420 637 vulgare
431 619 479 637 atque
491 617 592 632 notissimum

217 644 246 660 est,
255 646 287 662 qua
298 641 367 662 petentia
378 641 432 657 anima
442 641 510 662 imperet
522 641 591 661 corpori,

217 668 234 682 ut
242 666 347 682 redundantia
354 666 391 682 vit-m
398 666 464 686 impleat
472 668 522 681 totum
530 670 593 686 compo·

216 691 264 707 situm
274 695 277 706 :
286 695 322 711 quae
332 692 401 711 potestas
411 695 439 706 seu
450 690 520 711 potentie
530 692 562 706 tam
571 690 593 706 ie-

216 716 269 732 cunda
279 716 316 732 vitae
326 718 342 731 et
352 716 439 733 actionum.
448 715 527 736 quoddam
539 720 593 731 exem-

217 741 262 762 plum
274 743 298 756 est
310 740 360 756 Patris
372 740 491 761 omnipotentis,
500 740 557 756 Notum
568 742 592 756 est

620 495 644 508 est
652 493 696 513 quasi
705 493 765 508 donum
773 493 863 509 amborum.
872 493 911 509 Nam
919 495 935 509 et
941 493 996 509 anima

621 517 718 533 intellectiva
729 517 810 538 possibilis
823 520 847 533 est
858 518 876 534 ad
890 518 995 537 intellectum,

620 547 668 562 quem
679 542 724 563 quasi
735 542 751 558 in
762 542 823 562 gremio
834 547 863 558 suo
872 545 923 563 gestat
933 545 948 558 et
960 547 997 563 pro-

620 567 664 582 ducit
672 567 688 582 in
696 568 755 582 actum.
763 566 797 585 Quo
804 569 858 583 sutem
866 569 882 583 et
889 569 949 588 quanto
955 567 997 583 aite-

620 593 646 606 ctu
656 596 673 607 se
683 591 752 607 invicem
762 591 890 612 complectantur
899 592 923 607 vis
934 592 997 608 intelle-

620 616 662 631 ctiva
669 618 685 631 et
694 616 748 636 ipsum
758 616 852 636 intelligere,
861 618 922 632 constat
931 621 950 632 ex
959 616 995 635 boc,

620 640 663 660 quod
670 640 724 656 anima
732 640 829 656 intellectiva
839 641 892 661 ipsum
900 641 996 657 exteriorem

620 665 672 680 visum
685 665 737 685 diligit
749 667 781 680 tam
794 665 856 681 intense
866 670 870 681 ι
881 670 929 686 quem
941 670 997 681 amum

620 689 679 705 sciendi
692 689 823 710 intelligendique
834 689 885 710 diligit
896 695 928 711 prm
938 690 997 706 ceteris

619 714 699 731 sensibus.
708 714 784 734 qnoniam
797 714 816 730 ad
828 715 909 730 venandas
922 719 947 730 rea
959 719 997 735 qum

619 740 664 754 extra
673 741 715 757 sunt,
724 738 789 754 liberior
800 739 879 759 latiorque
889 739 967 755 consistit.
977 739 997 755 Et

217 770 286 786 quoque,
297 770 329 786 qua
341 765 441 786 providentia
454 765 555 785 naturalique
568 769 592 780 sa<
600 763 611 779 C
620 763 649 778 iste
656 763 724 779 affectus
732 763 807 784 potentioe
815 763 916 779 intellectiva
923 764 942 779 ad
951 764 997 780 intei-

217 790 277 811 piontis
285 790 337 805 anima
345 790 427 810 provideat
435 789 497 810 corpori
507 789 593 805 nutrimen-

217 817 256 833 tum,
265 816 281 830 et
291 814 330 830 illud
340 814 431 832 distribuat,
439 816 502 830 moveat
511 816 526 829 et
534 814 592 834 guber-

216 842 243 855 net
252 844 255 855 ι
264 844 300 860 quaa
312 839 390 859 sapientia
403 841 427 854 est
438 838 530 859 exemplum
543 841 591 859 atque

217 864 268 884 imago
285 863 394 884 primogenitas
409 863 494 884 Sapientiae
510 863 590 879 increatas.

216 888 238 904 Ex
251 888 310 908 quibus
324 888 434 908 perpenditur,
445 887 481 908 quis
494 890 510 903 et
522 890 591 908 quantus

216 917 260 929 amor
272 913 293 928 sit
305 912 363 928 animas
375 912 394 928 ad
407 912 489 933 proprium
503 917 567 933 corpus,
575 914 591 928 et

215 938 235 953 ad
243 942 261 953 ea
269 942 305 958 qum
312 937 383 958 corporis
391 939 428 952 sunt
437 942 440 952 :
449 941 485 957 quas
492 939 530 952 sunt
538 936 590 955 robur,

215 962 283 983 agilitas,
292 962 356 980 sanitas,
363 961 471 982 pulchritudo.
477 961 506 979 Oui
514 966 559 977 amor
566 966 591 977 ex·

215 987 287 1007 emplum
297 988 321 1002 est
330 988 346 1001 et
356 986 408 1006 imago
418 986 465 1006 primi
476 985 531 1006 spirati
541 988 557 1001 et
567 985 591 1001 in-

216 1011 264 1027 creati
276 1011 340 1026 amoris.

238 1036 273 1052 Haee
285 1037 338 1051 autem
351 1037 388 1051 sunt
401 1034 461 1050 umbrai
472 1039 499 1050 seu
511 1034 550 1050 radii
562 1039 590 1055 per

619 788 683 806 lactum,
697 788 775 808 gratuitus
788 790 849 804 tantum
862 790 891 804 est.
904 788 938 804 Non
951 789 996 805 enin-i

619 812 696 828 venaliter
704 814 730 828 aul
740 812 828 829 simoniace
837 813 889 834 diligit
899 813 958 834 ipsum,
967 814 995 829 sed

618 837 667 857 gratis
674 839 722 858 atquo
729 837 811 857 equaliter
818 837 860 853 sicut
867 842 885 853 se
894 838 953 858 ipsum,
961 840 995 854 tam

619 861 668 877 invite
683 862 758 877 amittens
770 862 816 877 illum
831 864 849 878 ut
861 867 883 881 se,
896 867 946 883 quum
959 862 996 878 sine

618 886 652 906 illo,
665 891 699 902 esse
713 891 760 902 suum
773 892 842 903 vacuum
856 889 898 903 emt
909 889 924 903 et
937 887 996 903 inutile

618 911 670 931 quoad
678 916 700 930 se,
709 911 747 932 quia
754 916 783 927 nec
793 916 810 927 se
821 911 873 932 ipsum
881 912 916 927 sine
923 912 951 928 illo
959 917 996 933 pos-

618 938 642 951 set
649 936 747 956 dignoscere.
752 936 778 952 Sic
785 938 801 952 et
809 936 843 957 ipse
852 936 942 952 intellectus
949 941 995 957 gran*

617 960 634 976 di
642 961 698 976 ardore
708 960 781 976 tenebras
792 961 850 976 erroris
859 961 967 982 persequitur,
975 966 995 977 ac

618 985 670 1001 lucem
682 985 772 1005 insequitur
782 985 859 1001 veritatis.

638 1009 718 1028 Pmterea,
723 1014 742 1025 ex
751 1010 783 1025 ride
792 1015 820 1030 pro
828 1012 871 1026 certo
879 1011 993 1031 cognoscimus,

617 1035 659 1055 quod
672 1034 725 1050 anima
737 1034 808 1051 bumana
818 1035 834 1050 in
845 1040 874 1051 sua
886 1035 931 1051 finali
943 1035 994 1052 felici—

216 1065 256 1081 quos
267 1060 283 1076 iu
294 1064 360 1080 corpore
372 1059 432 1075 relucet
442 1059 510 1075 Trinitas
521 1064 588 1075 summa<
598 1061 610 1076 D
618 1061 654 1078 tate,
666 1059 717 1080 gloria
729 1062 745 1075 et
757 1059 819 1078 decore,
832 1059 915 1076 simillima
928 1062 953 1076 est
963 1065 994 1076 suo

216 1085 253 1103 Quin
263 1084 361 1100 eminentius
372 1084 462 1104 resplendet
474 1084 490 1099 in
503 1083 562 1102 anima,
573 1084 589 1099 in

216 1114 248 1130 qua
262 1111 300 1125 sunt
314 1109 352 1127 vita,
364 1108 476 1129 apprehensio,
489 1110 505 1124 et
519 1108 588 1124 affectio⁴

216 1134 251 1150 Vita
263 1136 317 1150 autem
329 1138 361 1154 qua
376 1133 391 1149 in
406 1137 423 1148 se
437 1133 477 1149 vivit
490 1133 549 1151 anima,
563 1138 590 1154 pa-

216 1163 252 1174 rens
265 1160 289 1174 est
302 1158 439 1179 apprehensionis,
452 1160 468 1173 et
481 1158 554 1173 donatrix
567 1157 590 1173 ai-

216 1183 295 1199 rectionis.
307 1183 345 1198 Nam
359 1187 389 1198 non
403 1182 495 1198 dubitamus
507 1182 523 1198 in
536 1182 590 1203 pueris

216 1209 265 1224 vitam
280 1212 314 1223 esse
329 1207 344 1223 in
359 1206 418 1223 effectu
434 1207 450 1222 in
464 1206 549 1222 animabus
563 1211 590 1222 eo-

217 1238 258 1251 rum,
270 1231 414 1253 apprehensionem
426 1236 464 1247 vero
476 1231 590 1247 intellectivam

217 1262 248 1273 non
257 1257 273 1273 in
281 1257 304 1272 eis
312 1261 346 1272 esse
354 1256 370 1271 in
379 1255 442 1271 effectu.
448 1255 509 1271 Etenim
517 1256 561 1272 omni
569 1256 592 1271 in·

218 1281 293 1302 telligenti
303 1281 347 1302 prius
354 1282 378 1296 est
386 1280 475 1300 intelligere
482 1285 504 1299 se,
512 1282 528 1296 et
535 1280 591 1296 virtuti

218 1306 312 1327 intelligenti
324 1306 368 1327 prior
377 1304 447 1321 occurrit
456 1305 481 1320 sui
494 1305 544 1326 ipsius
555 1310 593 1325 pro-

218 1331 274 1350 sentia,
282 1335 331 1352 quam
341 1335 366 1346 res
375 1330 461 1346 exteriores
471 1330 532 1350 possint
539 1334 593 1346 occur-

617 1084 697 1100 Gonditori
711 1084 769 1103 t'utura,
780 1084 856 1104 quoniam
869 1089 888 1100 ex
901 1085 994 1101 immediata

617 1108 730 1129 conjunctione
737 1108 756 1124 ad
765 1108 824 1129 ipsum,
833 1109 924 1129 splendebit
931 1111 949 1125 ut
955 1114 993 1130 spe-

617 1133 671 1149 culum
680 1133 771 1149 tei-sissimus
780 1133 860 1154 puritatis,
867 1136 964 1154 prassentans
972 1134 993 1150 ta-

617 1157 658 1173 ciem
669 1162 714 1173 suam
724 1157 810 1178 inspectori
821 1158 949 1174 mundissimam*
956 1158 993 1174 nme

617 1184 669 1197 autem
682 1182 737 1197 ultima
748 1186 776 1197 sua
788 1182 870 1202 perfectio,
879 1185 903 1198 est
913 1187 946 1198 sua
957 1187 993 1203 pos-

617 1206 698 1222 sibilitatis
708 1206 798 1227 completio,
808 1207 824 1222 in
835 1211 867 1227 qua
876 1207 906 1222 erit
916 1207 930 1223 ei
939 1212 994 1223 neces-

617 1231 659 1247 sario
671 1231 722 1251 quies,
732 1231 753 1246 its
766 1233 783 1246 ut
795 1231 895 1251 impossibile
906 1231 921 1247 ei
933 1232 953 1247 sit
964 1232 994 1248 ali-

618 1256 655 1276 quid
673 1255 716 1271 eliud
733 1260 805 1276 qnaerere
822 1256 870 1272 ultra.
885 1256 922 1275 Quis
939 1259 993 1273 antem

618 1280 680 1296 dubitat
691 1280 789 1296 intellectum
801 1280 893 1301 possibilem
905 1283 959 1297 natum
970 1281 994 1297 in-

618 1305 689 1325 telligere
697 1307 713 1320 et
723 1309 818 1326 cognoscere
828 1305 887 1324 omnia,
895 1308 911 1321 et
918 1311 952 1322 esse
959 1311 994 1327 spe-

619 1330 674 1346 culum
687 1330 758 1346 omnium
773 1334 791 1346 ac
805 1330 881 1346 rationem
896 1330 912 1346 iu
927 1330 993 1350 ellectu,
