1088 1569
211 136 285 150 WAHTKE
295 136 366 148 anAS
376 136 507 148 mmmmm
517 136 533 148 m
543 136 627 148 GRBANMS
637 137 667 148 Pan
677 137 758 149 ἾΙΕΤΙΕΙΙῚΙ

841 133 872 149 245

96 178 158 194 cialiter
168 180 186 194 ut
195 183 223 194 eus
234 178 341 194 intellectuale
349 181 365 195 et
374 179 471 195 immateria-
478 178 491 194 Α
498 179 552 195 nullne
560 184 615 195 eorum
623 179 639 195 id
646 179 691 195 dicit.
699 179 718 195 Et
725 179 798 200 quamvis
805 180 873 196 Alexan-

96 203 119 223 la;
127 208 157 219 nec
165 203 196 219 hoc
205 203 263 222 solum,
271 203 299 219 sod
309 203 357 219 etiam
365 204 408 224 quod
418 204 439 219 sit
447 204 471 219 in-

95 228 168 244 tellectus
183 228 244 248 primus
260 228 372 244 universaliter
386 233 439 248 agene.
454 230 471 244 et

95 257 145 273 purus
156 255 207 272 actus,
219 253 262 273 quod
274 253 289 269 ei
301 253 401 269 solummodo
413 258 470 269 conve-

95 277 127 297 nit;
136 277 180 296 item,
189 277 232 298 quod
241 278 276 298 ipse
283 280 307 293 est
317 278 389 293 omnium
399 278 469 299 prii-num

95 302 158 318 causale
170 302 274 323 principium,
285 302 348 318 bonitas
357 307 403 323 pura,
411 303 470 319 veritas

95 327 153 347 prima,
161 328 177 342 et
184 326 235 342 multa
244 327 309 346 similia,
318 332 354 348 qun
363 327 378 343 ei
388 327 470 343 dumtaxat

95 356 131 367 vere
142 356 161 367 ac
172 351 283 372 propriissime
293 354 386 372 competunt
396 356 415 367 ex
425 354 470 367 natu-

95 381 117 394 ra,
128 376 202 396 quamvis
212 381 241 397 per
251 376 316 392 modum
327 376 343 392 in
354 376 436 392 inlinitum
446 381 470 392 su-

95 400 185 416 blimiorem
196 402 213 416 et
223 400 341 421 perfectiorem,
350 405 398 421 quam
410 401 426 416 in
437 401 470 417 vita

94 425 123 441 hae
131 425 267 445 comprehendere
275 425 362 441 valeamus.
371 425 442 446 Denique
450 425 470 441 ie-

94 452 109 465 ta
118 450 151 470 jam
161 451 203 465 taeta
213 450 249 470 puri
260 450 351 470 philosophi
362 452 470 470 cognoverunt

94 475 112 490 de
124 474 161 493 Deo,
173 476 191 490 ut
202 474 253 495 patuit
263 479 318 495 supra.

113 499 181 519 insuper
191 499 244 519 arguit
252 499 308 515 Seotus
318 501 374 515 eontra
383 499 432 515 verba
442 499 470 515 do-

93 526 155 540 ctorum
168 524 311 544 praeailegawrum,
324 524 413 540 dicentium
426 524 469 544 quod

93 551 165 565 creatum
173 548 242 564 refertur
249 549 268 564 ad
278 548 329 564 Deum
339 549 426 564 secundum
437 551 469 565 tres

93 573 147 589 modos
159 573 241 589 relationis
251 573 309 594 quinto
318 573 429 594 Metephysicoe
441 578 469 594 po-

93 597 135 616 sima,
151 599 207 618 utpote
223 602 252 618 per
266 597 344 613 rationem
361 598 434 618 producti
448 598 468 613 ad

93 622 191 643 principium
199 622 316 643 productivum,
322 627 351 643 per
359 622 436 638 rationem
444 627 469 638 ex-

93 647 157 667 emplati
169 647 189 662 ad
200 651 264 663 causam
274 647 388 667 exemplarem,
396 649 412 663 et
421 647 468 663 tertie

93 672 108 687 ia
121 671 183 687 ratione
195 671 239 687 finia.
251 671 309 687 Contra
321 671 350 687 hoc
363 671 414 692 arguit
427 672 449 688 aie
463 676 466 688 :

92 695 132 711 Dens
141 700 173 712 nou
182 695 251 712 refertur
259 696 279 711 ad
289 698 378 712 creaturam
388 696 419 712 nisi
430 696 468 717 quia

91 722 164 742 ereatura
177 720 246 736 refertur
257 720 277 736 ad
289 721 349 741 ipsum.
360 720 389 736 Sed
402 721 432 737 iata
444 723 468 737 est

92 745 148 761 relatio
155 745 244 761 secuudum
254 745 319 761 tertium
331 745 401 764 modum,
410 746 426 761 in
435 750 468 766 qno

498 204 526 219 der
538 204 591 220 dicere
603 204 676 220 videatur
687 205 729 225 qued
740 204 756 220 in
768 205 872 221 relationibus

498 228 538 244 ratio
550 229 626 245 consistat
637 229 706 249 vestigii,
718 234 749 245 non
762 231 815 245 tamen
828 230 873 245 intel-

498 253 533 274 ligit
544 253 575 270 hoe
590 258 618 274 per
631 254 730 270 fundamenti
745 254 854 271 exclusionem
867 259 871 270 :

498 278 530 294 imo
545 278 638 299 frequenter
649 280 716 294 test-atur
730 279 772 300 quod
788 279 804 295 in
819 279 871 298 modo,

497 303 556 324 specie,
564 305 580 319 et
591 303 652 322 ordine,
663 304 679 319 in
690 308 762 322 numero,
773 304 848 324 pondere,
856 306 873 320 et

497 332 578 346 mensura,
588 328 605 343 in
615 328 681 347 unitate,
689 328 761 347 veritate,
770 330 786 344 et
795 328 872 348 bonitate,

498 352 538 368 ratio
546 352 608 373 vestigii
616 353 711 368 attendatur.
717 352 747 369 Sed
755 358 811 369 verum
819 355 848 372 est,
857 355 873 369 et

497 377 569 393 doctores
582 377 598 393 id
613 379 691 396 asserunt,
704 377 745 398 quod
758 378 842 398 vestigium
855 378 872 394 in

497 401 523 417 his
530 402 603 418 consistit
611 406 640 422 per
648 402 741 418 relationem
749 402 768 418 ad
776 402 831 418 Deum.
839 402 872 419 lmo

497 426 582 446 vestigium
590 426 679 442 formaliter
686 428 774 447 sumptum,
779 426 872 443 relationem

497 451 573 471 importat
580 451 622 466 sieut
632 451 690 471 imago.
698 451 734 467 ideo
744 456 776 467 non
784 453 808 467 est
815 456 872 467 verum

478 475 539 496 Bquod
555 475 610 491 Seotua
621 475 644 491 ait
657 480 660 491 τ
674 475 719 491 Ratio
731 476 793 496 vestigii
806 480 838 492 non
849 478 873 492 at-

496 500 568 515 tenditur
582 500 670 516 secundum
687 500 780 516 relationem
795 502 872 517 creaturae

496 525 515 540 ad
523 524 576 540 Deum.
582 524 687 541 (hnforruiter
694 525 752 541 falsum
759 525 823 541 videtur
830 526 872 546 quod

496 549 568 565 affirmat
580 554 583 565 :
596 549 672 565 ereatura
686 554 718 565 non
730 551 754 565 eat
768 550 826 566 similis
839 550 872 566 Deo

496 578 525 594 per
532 574 631 590 relationem.
639 574 673 590 lmo
681 574 728 590 homo
735 574 833 590 assimilatur
840 574 872 591 Deo

496 598 537 614 Patri
545 598 617 614 omnium
626 603 654 619 per
662 599 779 619 paternitatem,
786 603 815 620 per
823 599 872 615 domi-

496 623 547 641 nium,
556 628 585 643 per
592 623 708 644 prelationem,
717 628 745 643 per
755 623 870 644 principatum,

496 652 525 668 per
531 647 664 668 jurisdictionem,
673 652 709 668 qum
716 648 770 663 omnia
777 648 870 664 relationem

495 672 579 692 designant
589 677 593 688 τ
604 672 637 688 imo
648 677 677 693 per
689 672 723 688 liam
734 672 807 688 homines
819 673 872 693 prussi—

495 697 551 712 dentee
558 696 633 712 dicuntur
640 697 710 712 ministri
718 699 767 717 atque
773 697 829 713 vicarii
837 697 870 717 Dei,

495 721 528 737 ime
535 723 552 737 et
561 721 589 740 dii,
597 722 642 742 juxta
650 721 690 737 illud
700 721 716 737 in
724 721 778 738 Exodo
786 726 790 738 ε
798 722 831 738 Diia
838 727 870 738 non
880 726 943 739 asoa-m.

495 746 575 762 detrahes.
877 743 895 754 ¹⁸*

92 774 123 786 non
139 769 209 786 refertur
224 774 274 785 unum
289 770 309 785 ad
324 769 367 786 aliud
383 770 414 786 nisi
429 770 486 791 quiec
515 770 575 786 Deinde
582 770 637 787 Scotua
645 771 715 791 assignat
721 771 840 787 distinctionem
848 771 871 788 in-

91 796 156 811 econtra
169 799 172 810 :
185 799 223 815 ergo
235 794 277 810 Deua
290 797 352 810 tantum
367 795 436 810 retertur
447 795 467 811 ad

91 821 180 835 creaturam
188 819 276 835 secundum
285 819 350 835 tertium
357 819 428 835 modum.
437 819 467 835 Un-

91 844 110 860 de
120 846 184 865 oportet
193 844 235 864 qnod
249 844 334 860 relationes
347 848 382 864 quaa
394 845 432 859 sunt
443 849 468 860 se-

91 869 161 884 eundum
169 869 209 884 aliae
217 869 257 884 duos
267 868 327 887 modos,
336 873 386 889 quoin
394 868 426 884 sint
434 873 467 884 rea-

91 893 119 912 les,
127 893 160 909 sint
171 893 236 909 realiter
245 893 261 908 in
271 895 340 913 utroque
351 895 427 912 extremo,
435 895 466 909 etc.

90 927 111 929 —
122 917 145 933 Ad
161 917 203 933 istud
217 917 288 933 breviter
302 917 343 937 dice,
358 918 400 938 quod
415 918 467 934 omnis

91 942 147 958 relatio
158 942 237 958 Creatorie
248 942 268 958 ad
281 944 376 961 ereaturam,
384 944 408 958 eat
421 943 467 959 ratio-

91 967 116 983 nis
128 967 220 987 dnmtaxat;
228 967 284 983 relatio
294 969 347 982 autem
359 969 435 983 creatum
447 967 466 983 ad

90 991 146 1010 Deum,
155 991 208 1007 realis.
218 991 258 1007 Hinc
271 991 341 1011 objectio
353 991 383 1007 ista
396 991 466 1011 infirma,

91 1016 113 1032 nil
126 1020 192 1037 prorsus
204 1016 290 1032 convincit.
299 1015 382 1036 Potestque
394 1018 467 1032 creatura

89 1041 109 1057 ad
119 1041 169 1057 Deum
180 1040 235 1056 reterri
246 1040 277 1056 aub
288 1040 375 1061 multiplici
386 1040 467 1057 habitudi-

90 1070 116 1085 ne,
127 1065 224 1086 proprietate
235 1070 253 1081 ac
263 1065 375 1086 dependentia.

109 1090 229 1110 consequenter
241 1090 297 1106 Scotum
309 1090 363 1106 subdit
372 1095 375 1106 τ
383 1090 465 1109 Preteroa,

89 1117 145 1131 mnu-n
159 1114 176 1130 id
191 1115 233 1135 quod
246 1114 311 1134 dicitur,
323 1115 366 1135 quod
381 1115 465 1135 vestigium

89 1144 121 1156 non
129 1141 153 1155 est
160 1139 192 1155 nisi
202 1139 258 1155 relatio
268 1141 345 1155 creaturas
354 1139 373 1155 ad
384 1139 433 1155 Deum
442 1144 466 1155 ae-

89 1164 161 1180 cundum
173 1165 205 1180 ties
218 1164 273 1180 modos
284 1164 371 1183 relationis,
380 1164 452 1185 arguitur
461 1169 464 1180 :

89 1193 126 1204 nam
140 1188 180 1204 ratio
191 1188 253 1208 vestigii
266 1193 298 1204 nen
310 1189 398 1204 attenditur
410 1193 466 1205 secun-

88 1214 127 1229 dum
136 1213 229 1229 relationem
238 1215 315 1229 creaturas
322 1213 342 1229 ad
351 1213 405 1232 Deum,
411 1214 466 1234 quoni-

88 1242 113 1253 am
122 1242 155 1253 nen
163 1239 187 1253 eat
194 1237 252 1253 similis
258 1237 291 1253 Deo
298 1242 327 1258 per
334 1238 433 1257 relationem,
438 1238 465 1254 sed

89 1267 117 1283 per
125 1262 254 1278 fundamentum.
263 1271 283 1273 —
291 1262 313 1278 Ad
322 1263 364 1283 quod
374 1262 415 1281 dico,
423 1263 465 1283 quod

88 1287 151 1308 pmfati
162 1287 236 1303 doctores
246 1291 277 1302 non
288 1287 344 1303 dicunt
352 1287 436 1308 vestigium
444 1293 466 1304 es-

88 1317 104 1328 se
111 1312 163 1328 solam
175 1311 275 1330 relationem,
283 1317 312 1328 nec
323 1312 339 1328 in
348 1312 381 1328 sola
390 1313 466 1329 relatione

89 1337 145 1352 dicunt
161 1336 248 1352 consistere
263 1336 340 1352 rationem
353 1337 421 1358 vestigii.
434 1338 467 1354 lmo

495 798 519 811 ter
531 795 616 816 vestigium
629 798 645 811 et
657 796 748 816 imaginem,
761 796 816 812 dicens
827 797 869 817 quod

494 820 615 840 distinguuntur
623 825 652 841 per
659 820 813 841 repraesentatienem
821 821 869 837 tetius

494 847 510 860 et
521 845 577 865 partia.
585 844 624 860 Nam
635 845 677 865 quod
688 847 712 860 est
722 845 806 865 vestigium
817 850 870 866 respe-

494 872 521 885 ctu
529 870 583 888 notius,
591 871 615 885 est
623 869 675 889 imago
683 872 756 890 respectu
764 870 819 890 partia.
825 870 870 886 Unde

495 894 579 915 impressio
589 894 634 914 pedis
642 894 658 909 in
668 894 740 914 pulvere,
748 894 786 909 licet
795 894 816 909 ait
823 894 870 910 veeti-

494 919 538 939 ginm
549 916 622 939 respeclu
632 918 712 937 animalis,
720 920 743 934 est
754 920 806 934 tamen
817 918 869 939 image

495 943 545 964 pedis.
558 943 603 959 Nunc
618 945 677 962 autem,
691 943 764 963 quamvis
779 943 795 958 iu
810 943 869 959 divinis

494 972 526 983 non
534 967 555 983 eit
562 969 613 983 totum
621 969 637 983 et
644 972 681 988 pare
689 967 705 983 in
712 972 735 986 ee,
742 969 794 983 tamen
803 970 820 984 nt
828 972 869 984 eom-

495 994 571 1012 parantur
582 992 601 1007 ad
612 992 711 1008 intellectum
723 994 801 1011 nostrum,
810 992 870 1008 habent

494 1016 559 1032 modum
572 1016 620 1032 tetius
631 1018 646 1032 et
659 1016 714 1037 partis.
725 1016 780 1032 Gieata
791 1021 828 1037 ergo
840 1017 869 1032 du-

494 1043 533 1057 cunt
545 1041 644 1057 intellectum
657 1043 729 1057 nostrum
741 1041 761 1057 ed
773 1046 869 1062 cognosceu-

474 1067 486 1083 D
494 1066 532 1081 dum
543 1068 593 1082 totum
604 1066 672 1082 virtuale
683 1066 699 1081 in
709 1066 769 1082 divinia
779 1071 808 1087 per
817 1066 869 1082 nnita—

494 1092 532 1109 tem,
540 1090 616 1111 speciem,
625 1092 640 1106 et
649 1090 727 1106 ordinem.
735 1090 793 1111 Sicque
803 1093 869 1107 vocatur

494 1115 584 1135 vestigium,
592 1115 631 1135 quia
640 1115 663 1131 sic
673 1119 705 1131 nou
714 1115 759 1131 ducit
769 1115 869 1136 particulari-

493 1142 518 1156 ter
530 1140 546 1155 in
557 1140 627 1160 aliquam
638 1144 723 1160 personum
733 1140 821 1156 secundum
833 1144 869 1161 pro-

494 1164 547 1185 prium
555 1164 594 1184 aibi3
601 1164 627 1180 sed
636 1164 688 1184 imago
695 1164 740 1180 ducit
747 1164 766 1180 ad
774 1169 869 1185 cognoscen-

493 1189 531 1205 dum
541 1193 617 1210 personae
627 1189 745 1209 particulariter
753 1189 841 1205 secundum
849 1194 868 1205 ea

493 1218 529 1234 quae
538 1213 577 1235 ipsis
587 1215 624 1229 sunt
634 1214 704 1234 propria.
713 1214 773 1230 idcireo
784 1214 836 1234 imago
847 1214 868 1230 ai-

493 1238 567 1254 miiitudo
575 1240 599 1254 est
608 1238 664 1259 partis,
672 1238 757 1259 vestigium
767 1243 805 1255 vero
813 1239 866 1254 totina.

493 1263 528 1279 ΗΜ
539 1263 601 1279 Scotns⁴

514 1288 572 1304 Contra
583 1293 619 1309 qna
631 1288 662 1303 tria
674 1287 778 1308 objiciuntur.
790 1287 866 1307 Primum,

494 1313 537 1334 quod
545 1318 576 1329 uon
584 1313 635 1329 solum
645 1313 692 1328 unius
702 1312 760 1328 divium
770 1314 785 1328 et
793 1312 867 1329 increatas

495 1338 602 1358 personased
610 1338 659 1353 totins
666 1337 831 1358 euperglorieaiasimae
836 1337 868 1354 Tri<
