<?xml version="1.0" encoding="UTF-8"?>
<!DOCTYPE html PUBLIC "-//W3C//DTD XHTML 1.0 Transitional//EN"
    "http://www.w3.org/TR/xhtml1/DTD/xhtml1-transitional.dtd">
<html xmlns="http://www.w3.org/1999/xhtml" xml:lang="en" lang="en">
 <head>
  <title>
</title>
<meta http-equiv="Content-Type" content="text/html;charset=utf-8" />
  <meta name='ocr-system' content='tesseract 3.04.00' />
  <meta name='ocr-capabilities' content='ocr_page ocr_carea ocr_par ocr_line ocrx_word'/>
</head>
<body>
  <div class='ocr_page' id='page_1' title='image "./doctorisecstati08unkngoog/doctorisecstati08unkngoog_0274.png"; bbox 0 0 1088 1569; ppageno 0'>
   <div class='ocr_carea' id='block_1_1' title="bbox 36 914 84 928">
    <p class='ocr_par' dir='ltr' id='par_1_1' title="bbox 36 914 84 928">
     <span class='ocr_line' id='line_1_1' title="bbox 36 914 84 928; baseline 0.063 -3"><span class='ocrx_word' id='word_1_1' title='bbox 36 914 84 928; x_wconf 65' lang='grc' dir='ltr'><strong>ιυ-.,·ιιιΙ</strong></span> 
     </span>
    </p>
   </div>
   <div class='ocr_carea' id='block_1_2' title="bbox 37 1283 79 1296">
    <p class='ocr_par' dir='ltr' id='par_1_2' title="bbox 37 1283 79 1296">
     <span class='ocr_line' id='line_1_2' title="bbox 37 1283 79 1296; baseline 0.024 -2"><span class='ocrx_word' id='word_1_2' title='bbox 37 1283 52 1294; x_wconf 65' lang='grc' dir='ltr'><strong>Ρ..</strong></span> <span class='ocrx_word' id='word_1_3' title='bbox 55 1287 67 1296; x_wconf 74' lang='grc' dir='ltr'><strong>ιι,</strong></span> <span class='ocrx_word' id='word_1_4' title='bbox 70 1285 79 1295; x_wconf 73' lang='grc' dir='ltr'><strong>τ.</strong></span> 
     </span>
    </p>
   </div>
   <div class='ocr_carea' id='block_1_3' title="bbox 153 129 806 146">
    <p class='ocr_par' dir='ltr' id='par_1_3' title="bbox 153 129 806 146">
     <span class='ocr_line' id='line_1_3' title="bbox 153 129 806 146; baseline 0.005 -6"><span class='ocrx_word' id='word_1_5' title='bbox 153 129 175 140; x_wconf 67' lang='grc' dir='ltr'><strong>ΔΝ</strong></span> <span class='ocrx_word' id='word_1_6' title='bbox 186 129 234 141; x_wconf 71' lang='lat' dir='ltr'><strong>mam</strong></span> <span class='ocrx_word' id='word_1_7' title='bbox 243 129 329 141; x_wconf 67' lang='lat' dir='ltr'><strong>nummus</strong></span> <span class='ocrx_word' id='word_1_8' title='bbox 339 130 422 142; x_wconf 64' lang='lat' dir='ltr'><strong>mansu?</strong></span> <span class='ocrx_word' id='word_1_9' title='bbox 432 130 447 142; x_wconf 81' lang='lat' dir='ltr'><strong>nt</strong></span> <span class='ocrx_word' id='word_1_10' title='bbox 458 130 533 145; x_wconf 65' lang='lat' dir='ltr'><strong>lunata,</strong></span> <span class='ocrx_word' id='word_1_11' title='bbox 542 131 632 143; x_wconf 64' lang='lat' dir='ltr'><strong>manaem</strong></span> <span class='ocrx_word' id='word_1_12' title='bbox 643 131 661 143; x_wconf 75' lang='lat' dir='ltr'><strong>m·</strong></span> <span class='ocrx_word' id='word_1_13' title='bbox 671 132 765 146; x_wconf 65' lang='grc' dir='ltr'><strong>ῐόιυΝτΛτΒ,</strong></span> <span class='ocrx_word' id='word_1_14' title='bbox 774 132 806 143; x_wconf 69' lang='grc' dir='ltr'><strong>ΠΕ.</strong></span> 
     </span>
    </p>
   </div>
   <div class='ocr_carea' id='block_1_4' title="bbox 91 171 867 195">
    <p class='ocr_par' dir='ltr' id='par_1_4' title="bbox 91 171 867 195">
     <span class='ocr_line' id='line_1_4' title="bbox 91 171 867 195; baseline 0.005 -9"><span class='ocrx_word' id='word_1_15' title='bbox 91 171 134 187; x_wconf 86' lang='lat' dir='ltr'><strong>cedit</strong></span> <span class='ocrx_word' id='word_1_16' title='bbox 142 171 162 187; x_wconf 79' lang='lat' dir='ltr'><strong>ad</strong></span> <span class='ocrx_word' id='word_1_17' title='bbox 173 172 319 192; x_wconf 71' lang='lat' dir='ltr'><strong>reprmsentandum</strong></span> <span class='ocrx_word' id='word_1_18' title='bbox 330 172 444 193; x_wconf 78' lang='lat' dir='ltr'><strong>perfectionem</strong></span> <span class='ocrx_word' id='word_1_19' title='bbox 451 175 467 188; x_wconf 91' lang='lat' dir='ltr'><strong>et</strong></span> <span class='ocrx_word' id='word_1_20' title='bbox 475 173 487 188; x_wconf 81' lang='grc' dir='ltr'><strong>Δ</strong></span> <span class='ocrx_word' id='word_1_21' title='bbox 495 173 548 192; x_wconf 81' lang='lat' dir='ltr'><strong>tionis,</strong></span> <span class='ocrx_word' id='word_1_22' title='bbox 556 175 572 189; x_wconf 91' lang='lat' dir='ltr'><strong>et</strong></span> <span class='ocrx_word' id='word_1_23' title='bbox 582 174 692 190; x_wconf 68' lang='lat' dir='ltr'><strong>similitudinis</strong></span> <span class='ocrx_word' id='word_1_24' title='bbox 702 179 730 190; x_wconf 79' lang='lat' dir='ltr'><strong>scu</strong></span> <span class='ocrx_word' id='word_1_25' title='bbox 740 174 867 195; x_wconf 32' lang='lat' dir='ltr'><strong>glorificationis*</strong></span> 
     </span>
    </p>
   </div>
   <div class='ocr_carea' id='block_1_5' title="bbox 89 196 468 465">
    <p class='ocr_par' dir='ltr' id='par_1_5' title="bbox 89 196 468 465">
     <span class='ocr_line' id='line_1_5' title="bbox 90 196 468 218; baseline 0.005 -7"><span class='ocrx_word' id='word_1_26' title='bbox 90 196 162 216; x_wconf 82' lang='lat' dir='ltr'><strong>speciem</strong></span> <span class='ocrx_word' id='word_1_27' title='bbox 173 196 264 212; x_wconf 87' lang='lat' dir='ltr'><strong>divinarum</strong></span> <span class='ocrx_word' id='word_1_28' title='bbox 274 201 384 217; x_wconf 79' lang='lat' dir='ltr'><strong>personarum,</strong></span> <span class='ocrx_word' id='word_1_29' title='bbox 392 202 428 218; x_wconf 72' lang='lat' dir='ltr'><strong>qum</strong></span> <span class='ocrx_word' id='word_1_30' title='bbox 438 198 468 213; x_wconf 84' lang='lat' dir='ltr'><strong>dis-</strong></span> 
     </span>
     <span class='ocr_line' id='line_1_6' title="bbox 91 220 466 242; baseline 0.005 -7"><span class='ocrx_word' id='word_1_31' title='bbox 91 220 188 240; x_wconf 82' lang='lat' dir='ltr'><strong>tinguuntur</strong></span> <span class='ocrx_word' id='word_1_32' title='bbox 196 221 285 237; x_wconf 73' lang='lat' dir='ltr'><strong>seeundum</strong></span> <span class='ocrx_word' id='word_1_33' title='bbox 294 222 411 242; x_wconf 74' lang='lat' dir='ltr'><strong>processionem</strong></span> <span class='ocrx_word' id='word_1_34' title='bbox 419 222 466 238; x_wconf 82' lang='lat' dir='ltr'><strong>Verbi</strong></span> 
     </span>
     <span class='ocr_line' id='line_1_7' title="bbox 90 245 467 264; baseline 0.005 -4"><span class='ocrx_word' id='word_1_35' title='bbox 90 249 100 260; x_wconf 88' lang='lat' dir='ltr'><strong>a</strong></span> <span class='ocrx_word' id='word_1_36' title='bbox 111 245 181 264; x_wconf 69' lang='lat' dir='ltr'><strong>dicente,</strong></span> <span class='ocrx_word' id='word_1_37' title='bbox 189 248 206 261; x_wconf 81' lang='lat' dir='ltr'><strong>et</strong></span> <span class='ocrx_word' id='word_1_38' title='bbox 216 246 275 262; x_wconf 86' lang='lat' dir='ltr'><strong>amoris</strong></span> <span class='ocrx_word' id='word_1_39' title='bbox 286 246 396 262; x_wconf 78' lang='lat' dir='ltr'><strong>connectentis</strong></span> <span class='ocrx_word' id='word_1_40' title='bbox 406 248 467 262; x_wconf 87' lang='lat' dir='ltr'><strong>utrum-</strong></span> 
     </span>
     <span class='ocr_line' id='line_1_8' title="bbox 90 270 467 290; baseline 0.005 -5"><span class='ocrx_word' id='word_1_41' title='bbox 90 274 128 290; x_wconf 69' lang='lat' dir='ltr'><strong>que.</strong></span> <span class='ocrx_word' id='word_1_42' title='bbox 137 270 207 286; x_wconf 78' lang='lat' dir='ltr'>Verbum</span> <span class='ocrx_word' id='word_1_43' title='bbox 217 272 270 286; x_wconf 82' lang='lat' dir='ltr'><strong>autem</strong></span> <span class='ocrx_word' id='word_1_44' title='bbox 282 271 297 286; x_wconf 93' lang='lat' dir='ltr'><strong>in</strong></span> <span class='ocrx_word' id='word_1_45' title='bbox 307 271 360 287; x_wconf 78' lang='lat' dir='ltr'><strong>anima</strong></span> <span class='ocrx_word' id='word_1_46' title='bbox 370 273 423 287; x_wconf 87' lang='lat' dir='ltr'><strong>nostra</strong></span> <span class='ocrx_word' id='word_1_47' title='bbox 433 271 467 287; x_wconf 86' lang='lat' dir='ltr'><strong>sine</strong></span> 
     </span>
     <span class='ocr_line' id='line_1_9' title="bbox 90 294 468 316; baseline 0.003 -6"><span class='ocrx_word' id='word_1_48' title='bbox 90 294 150 310; x_wconf 77' lang='lat' dir='ltr'><strong>actuali</strong></span> <span class='ocrx_word' id='word_1_49' title='bbox 158 295 255 315; x_wconf 69' lang='lat' dir='ltr'><strong>cogitatione</strong></span> <span class='ocrx_word' id='word_1_50' title='bbox 262 300 297 311; x_wconf 87' lang='lat' dir='ltr'><strong>esse</strong></span> <span class='ocrx_word' id='word_1_51' title='bbox 305 300 336 311; x_wconf 90' lang='lat' dir='ltr'><strong>non</strong></span> <span class='ocrx_word' id='word_1_52' title='bbox 347 298 404 316; x_wconf 79' lang='lat' dir='ltr'><strong>potest,</strong></span> <span class='ocrx_word' id='word_1_53' title='bbox 412 298 430 311; x_wconf 89' lang='lat' dir='ltr'><strong>ut</strong></span> <span class='ocrx_word' id='word_1_54' title='bbox 437 296 468 311; x_wconf 78' lang='lat' dir='ltr'><strong>Au-</strong></span> 
     </span>
     <span class='ocr_line' id='line_1_10' title="bbox 89 320 468 340; baseline 0.003 -5"><span class='ocrx_word' id='word_1_55' title='bbox 89 320 165 339; x_wconf 77' lang='lat' dir='ltr'><strong>gustinus</strong></span> <span class='ocrx_word' id='word_1_56' title='bbox 181 320 220 336; x_wconf 82' lang='lat' dir='ltr'><strong>dicit</strong></span> <span class='ocrx_word' id='word_1_57' title='bbox 233 321 353 340; x_wconf 75' lang='lat' dir='ltr'><strong>quartodecimo</strong></span> <span class='ocrx_word' id='word_1_58' title='bbox 367 321 386 336; x_wconf 88' lang='lat' dir='ltr'><strong>de</strong></span> <span class='ocrx_word' id='word_1_59' title='bbox 401 321 468 337; x_wconf 83' lang='lat' dir='ltr'><strong>Trinita-</strong></span> 
     </span>
     <span class='ocr_line' id='line_1_11' title="bbox 90 344 468 366; baseline 0.005 -7"><span class='ocrx_word' id='word_1_60' title='bbox 90 346 112 359; x_wconf 90' lang='lat' dir='ltr'><strong>te.</strong></span> <span class='ocrx_word' id='word_1_61' title='bbox 121 344 158 360; x_wconf 86' lang='lat' dir='ltr'><strong>ldeo</strong></span> <span class='ocrx_word' id='word_1_62' title='bbox 168 344 220 365; x_wconf 87' lang='lat' dir='ltr'><strong>primo</strong></span> <span class='ocrx_word' id='word_1_63' title='bbox 231 349 249 360; x_wconf 81' lang='lat' dir='ltr'><strong>sc</strong></span> <span class='ocrx_word' id='word_1_64' title='bbox 260 345 371 366; x_wconf 69' lang='lat' dir='ltr'><strong>principaliter</strong></span> <span class='ocrx_word' id='word_1_65' title='bbox 381 345 468 361; x_wconf 78' lang='lat' dir='ltr'><strong>attenditur</strong></span> 
     </span>
     <span class='ocr_line' id='line_1_12' title="bbox 91 369 468 389; baseline 0.005 -5"><span class='ocrx_word' id='word_1_66' title='bbox 91 369 145 389; x_wconf 80' lang='lat' dir='ltr'><strong>imago</strong></span> <span class='ocrx_word' id='word_1_67' title='bbox 154 369 236 385; x_wconf 81' lang='lat' dir='ltr'><strong>Trinitatis</strong></span> <span class='ocrx_word' id='word_1_68' title='bbox 250 369 265 385; x_wconf 90' lang='lat' dir='ltr'><strong>in</strong></span> <span class='ocrx_word' id='word_1_69' title='bbox 278 372 331 385; x_wconf 85' lang='lat' dir='ltr'><strong>mente</strong></span> <span class='ocrx_word' id='word_1_70' title='bbox 343 370 431 386; x_wconf 80' lang='lat' dir='ltr'><strong>secundum</strong></span> <span class='ocrx_word' id='word_1_71' title='bbox 443 375 468 386; x_wconf 82' lang='lat' dir='ltr'><strong>ae-</strong></span> 
     </span>
     <span class='ocr_line' id='line_1_13' title="bbox 90 394 468 415; baseline 0.003 -6"><span class='ocrx_word' id='word_1_72' title='bbox 90 396 123 412; x_wconf 83' lang='lat' dir='ltr'><strong>tus,</strong></span> <span class='ocrx_word' id='word_1_73' title='bbox 133 396 180 414; x_wconf 88' lang='lat' dir='ltr'><strong>prout</strong></span> <span class='ocrx_word' id='word_1_74' title='bbox 191 394 253 410; x_wconf 82' lang='lat' dir='ltr'><strong>scilicet</strong></span> <span class='ocrx_word' id='word_1_75' title='bbox 263 399 283 410; x_wconf 81' lang='lat' dir='ltr'><strong>ex</strong></span> <span class='ocrx_word' id='word_1_76' title='bbox 294 395 351 410; x_wconf 82' lang='lat' dir='ltr'><strong>notitia</strong></span> <span class='ocrx_word' id='word_1_77' title='bbox 362 399 410 415; x_wconf 82' lang='lat' dir='ltr'><strong>quarn</strong></span> <span class='ocrx_word' id='word_1_78' title='bbox 422 395 468 410; x_wconf 82' lang='lat' dir='ltr'><strong>habo-</strong></span> 
     </span>
     <span class='ocr_line' id='line_1_14' title="bbox 91 418 467 439; baseline 0.005 -6"><span class='ocrx_word' id='word_1_79' title='bbox 91 423 128 433; x_wconf 88' lang='lat' dir='ltr'><strong>mus</strong></span> <span class='ocrx_word' id='word_1_80' title='bbox 135 418 220 439; x_wconf 80' lang='lat' dir='ltr'><strong>cogitando</strong></span> <span class='ocrx_word' id='word_1_81' title='bbox 227 419 368 437; x_wconf 49' lang='lat' dir='ltr'><strong>interiusverhum</strong></span> <span class='ocrx_word' id='word_1_82' title='bbox 378 419 467 437; x_wconf 84' lang='lat' dir='ltr'><strong>formamus,</strong></span> 
     </span>
     <span class='ocr_line' id='line_1_15' title="bbox 90 443 468 465; baseline 0.005 -7"><span class='ocrx_word' id='word_1_83' title='bbox 90 445 106 458; x_wconf 91' lang='lat' dir='ltr'><strong>et</strong></span> <span class='ocrx_word' id='word_1_84' title='bbox 117 447 137 458; x_wconf 86' lang='lat' dir='ltr'><strong>ex</strong></span> <span class='ocrx_word' id='word_1_85' title='bbox 150 443 180 459; x_wconf 84' lang='lat' dir='ltr'><strong>hoc</strong></span> <span class='ocrx_word' id='word_1_86' title='bbox 191 443 207 458; x_wconf 90' lang='lat' dir='ltr'><strong>iu</strong></span> <span class='ocrx_word' id='word_1_87' title='bbox 220 444 299 459; x_wconf 82' lang='lat' dir='ltr'><strong>actualem</strong></span> <span class='ocrx_word' id='word_1_88' title='bbox 311 448 382 460; x_wconf 86' lang='lat' dir='ltr'><strong>amorem</strong></span> <span class='ocrx_word' id='word_1_89' title='bbox 396 449 468 465; x_wconf 82' lang='lat' dir='ltr'><strong>prorum-</strong></span> 
     </span>
    </p>
   </div>
   <div class='ocr_carea' id='block_1_6' title="bbox 494 197 871 465">
    <p class='ocr_par' dir='ltr' id='par_1_6' title="bbox 494 197 871 465">
     <span class='ocr_line' id='line_1_16' title="bbox 494 197 869 220; baseline 0.005 -7"><span class='ocrx_word' id='word_1_90' title='bbox 494 197 513 213; x_wconf 81' lang='lat' dir='ltr'><strong>Et</strong></span> <span class='ocrx_word' id='word_1_91' title='bbox 521 198 550 214; x_wconf 84' lang='lat' dir='ltr'><strong>hoc</strong></span> <span class='ocrx_word' id='word_1_92' title='bbox 558 200 582 214; x_wconf 84' lang='lat' dir='ltr'><strong>est</strong></span> <span class='ocrx_word' id='word_1_93' title='bbox 589 198 631 219; x_wconf 84' lang='lat' dir='ltr'><strong>quod</strong></span> <span class='ocrx_word' id='word_1_94' title='bbox 640 198 699 214; x_wconf 84' lang='lat' dir='ltr'><strong>dicitur</strong></span> <span class='ocrx_word' id='word_1_95' title='bbox 705 203 740 214; x_wconf 79' lang='lat' dir='ltr'><strong>esse</strong></span> <span class='ocrx_word' id='word_1_96' title='bbox 747 199 798 219; x_wconf 76' lang='lat' dir='ltr'><strong>imago</strong></span> <span class='ocrx_word' id='word_1_97' title='bbox 806 199 869 220; x_wconf 81' lang='lat' dir='ltr'><strong>triplex,</strong></span> 
     </span>
     <span class='ocr_line' id='line_1_17' title="bbox 495 223 870 244; baseline 0.003 -6"><span class='ocrx_word' id='word_1_98' title='bbox 495 225 533 242; x_wconf 84' lang='lat' dir='ltr'><strong>puta</strong></span> <span class='ocrx_word' id='word_1_99' title='bbox 545 225 610 241; x_wconf 65' lang='lat' dir='ltr'><strong>naturas,</strong></span> <span class='ocrx_word' id='word_1_100' title='bbox 621 223 681 243; x_wconf 72' lang='lat' dir='ltr'><strong>gratim,</strong></span> <span class='ocrx_word' id='word_1_101' title='bbox 692 225 707 238; x_wconf 88' lang='lat' dir='ltr'><strong>et</strong></span> <span class='ocrx_word' id='word_1_102' title='bbox 716 223 776 243; x_wconf 71' lang='lat' dir='ltr'><strong>glorian.</strong></span> <span class='ocrx_word' id='word_1_103' title='bbox 785 223 806 239; x_wconf 81' lang='lat' dir='ltr'><strong>De</strong></span> <span class='ocrx_word' id='word_1_104' title='bbox 818 224 870 244; x_wconf 82' lang='lat' dir='ltr'><strong>prima</strong></span> 
     </span>
     <span class='ocr_line' id='line_1_18' title="bbox 494 247 870 268; baseline 0.005 -6"><span class='ocrx_word' id='word_1_105' title='bbox 494 247 533 262; x_wconf 81' lang='lat' dir='ltr'><strong>dicit</strong></span> <span class='ocrx_word' id='word_1_106' title='bbox 545 247 642 268; x_wconf 72' lang='lat' dir='ltr'><strong>Augustinus</strong></span> <span class='ocrx_word' id='word_1_107' title='bbox 656 248 775 268; x_wconf 81' lang='lat' dir='ltr'><strong>quartodecimo</strong></span> <span class='ocrx_word' id='word_1_108' title='bbox 787 248 807 264; x_wconf 86' lang='lat' dir='ltr'><strong>de</strong></span> <span class='ocrx_word' id='word_1_109' title='bbox 819 248 870 264; x_wconf 87' lang='lat' dir='ltr'><strong>Trini-</strong></span> 
     </span>
     <span class='ocr_line' id='line_1_19' title="bbox 495 272 869 293; baseline 0.003 -6"><span class='ocrx_word' id='word_1_110' title='bbox 495 274 526 287; x_wconf 81' lang='lat' dir='ltr'><strong>tate</strong></span> <span class='ocrx_word' id='word_1_111' title='bbox 535 277 538 287; x_wconf 91' lang='lat'>:</span> <span class='ocrx_word' id='word_1_112' title='bbox 547 272 580 288; x_wconf 87' lang='lat' dir='ltr'><strong>Non</strong></span> <span class='ocrx_word' id='word_1_113' title='bbox 591 272 643 288; x_wconf 79' lang='lat' dir='ltr'><strong>solum</strong></span> <span class='ocrx_word' id='word_1_114' title='bbox 654 274 738 293; x_wconf 77' lang='lat' dir='ltr'><strong>propterea</strong></span> <span class='ocrx_word' id='word_1_115' title='bbox 748 275 772 288; x_wconf 78' lang='lat' dir='ltr'><strong>est</strong></span> <span class='ocrx_word' id='word_1_116' title='bbox 780 273 832 293; x_wconf 75' lang='lat' dir='ltr'><strong>imago</strong></span> <span class='ocrx_word' id='word_1_117' title='bbox 842 273 869 288; x_wconf 86' lang='lat' dir='ltr'><strong>Dei</strong></span> 
     </span>
     <span class='ocr_line' id='line_1_20' title="bbox 496 296 871 318; baseline 0.005 -7"><span class='ocrx_word' id='word_1_118' title='bbox 496 296 512 311; x_wconf 89' lang='lat' dir='ltr'><strong>in</strong></span> <span class='ocrx_word' id='word_1_119' title='bbox 523 299 577 312; x_wconf 83' lang='lat' dir='ltr'><strong>mente</strong></span> <span class='ocrx_word' id='word_1_120' title='bbox 588 297 626 317; x_wconf 83' lang='lat' dir='ltr'><strong>quia</strong></span> <span class='ocrx_word' id='word_1_121' title='bbox 638 297 663 312; x_wconf 82' lang='lat' dir='ltr'><strong>sui</strong></span> <span class='ocrx_word' id='word_1_122' title='bbox 676 297 754 316; x_wconf 80' lang='lat' dir='ltr'><strong>meminit,</strong></span> <span class='ocrx_word' id='word_1_123' title='bbox 765 302 814 318; x_wconf 80' lang='lat' dir='ltr'><strong>seque</strong></span> <span class='ocrx_word' id='word_1_124' title='bbox 825 297 871 313; x_wconf 89' lang='lat' dir='ltr'><strong>intel-</strong></span> 
     </span>
     <span class='ocr_line' id='line_1_21' title="bbox 496 321 871 342; baseline 0.003 -6"><span class='ocrx_word' id='word_1_125' title='bbox 496 321 530 341; x_wconf 84' lang='lat' dir='ltr'><strong>ligit</strong></span> <span class='ocrx_word' id='word_1_126' title='bbox 539 323 555 336; x_wconf 88' lang='lat' dir='ltr'><strong>et</strong></span> <span class='ocrx_word' id='word_1_127' title='bbox 564 321 626 341; x_wconf 76' lang='lat' dir='ltr'><strong>diligit3</strong></span> <span class='ocrx_word' id='word_1_128' title='bbox 637 322 664 337; x_wconf 86' lang='lat' dir='ltr'><strong>sed</strong></span> <span class='ocrx_word' id='word_1_129' title='bbox 673 322 722 337; x_wconf 80' lang='lat' dir='ltr'><strong>etiam</strong></span> <span class='ocrx_word' id='word_1_130' title='bbox 732 322 808 342; x_wconf 83' lang='lat' dir='ltr'><strong>quoniam</strong></span> <span class='ocrx_word' id='word_1_131' title='bbox 819 324 871 342; x_wconf 71' lang='lat' dir='ltr'><strong>potest</strong></span> 
     </span>
     <span class='ocr_line' id='line_1_22' title="bbox 495 345 871 366; baseline 0.003 -5"><span class='ocrx_word' id='word_1_132' title='bbox 495 345 593 364; x_wconf 74' lang='lat' dir='ltr'><strong>meminisse,</strong></span> <span class='ocrx_word' id='word_1_133' title='bbox 607 346 701 366; x_wconf 88' lang='lat' dir='ltr'><strong>intelligere,</strong></span> <span class='ocrx_word' id='word_1_134' title='bbox 714 348 729 362; x_wconf 89' lang='lat' dir='ltr'><strong>et</strong></span> <span class='ocrx_word' id='word_1_135' title='bbox 742 351 801 362; x_wconf 69' lang='lat' dir='ltr'><strong>amare.</strong></span> <span class='ocrx_word' id='word_1_136' title='bbox 813 346 835 362; x_wconf 89' lang='lat' dir='ltr'><strong>De</strong></span> <span class='ocrx_word' id='word_1_137' title='bbox 847 351 871 362; x_wconf 65' lang='lat' dir='ltr'><strong>st&gt;</strong></span> 
     </span>
     <span class='ocr_line' id='line_1_23' title="bbox 495 370 869 391; baseline 0.005 -6"><span class='ocrx_word' id='word_1_138' title='bbox 495 370 548 385; x_wconf 84' lang='lat' dir='ltr'><strong>cunda</strong></span> <span class='ocrx_word' id='word_1_139' title='bbox 558 370 629 390; x_wconf 84' lang='lat' dir='ltr'><strong>loquitur</strong></span> <span class='ocrx_word' id='word_1_140' title='bbox 637 370 656 386; x_wconf 84' lang='lat' dir='ltr'><strong>ad</strong></span> <span class='ocrx_word' id='word_1_141' title='bbox 665 370 765 386; x_wconf 74' lang='lat' dir='ltr'><strong>Colossenses</strong></span> <span class='ocrx_word' id='word_1_142' title='bbox 772 371 857 391; x_wconf 76' lang='lat' dir='ltr'><strong>Apostolus</strong></span> <span class='ocrx_word' id='word_1_143' title='bbox 865 376 869 387; x_wconf 69' lang='grc' dir='ltr'>ι</span> 
     </span>
     <span class='ocr_line' id='line_1_24' title="bbox 496 394 871 416; baseline 0.005 -7"><span class='ocrx_word' id='word_1_144' title='bbox 496 394 580 410; x_wconf 86' lang='lat' dir='ltr'><strong>luduentes</strong></span> <span class='ocrx_word' id='word_1_145' title='bbox 589 399 648 410; x_wconf 90' lang='lat' dir='ltr'><strong>novum</strong></span> <span class='ocrx_word' id='word_1_146' title='bbox 658 395 740 411; x_wconf 88' lang='lat' dir='ltr'><strong>hominem</strong></span> <span class='ocrx_word' id='word_1_147' title='bbox 748 395 776 416; x_wconf 85' lang='lat' dir='ltr'><strong>qui</strong></span> <span class='ocrx_word' id='word_1_148' title='bbox 785 397 871 411; x_wconf 88' lang='lat' dir='ltr'><strong>renovatur</strong></span> 
     </span>
     <span class='ocr_line' id='line_1_25' title="bbox 496 418 870 440; baseline 0.008 -7"><span class='ocrx_word' id='word_1_149' title='bbox 496 418 512 434; x_wconf 91' lang='lat' dir='ltr'><strong>in</strong></span> <span class='ocrx_word' id='word_1_150' title='bbox 525 419 622 439; x_wconf 71' lang='lat' dir='ltr'><strong>agnitionem</strong></span> <span class='ocrx_word' id='word_1_151' title='bbox 636 419 669 437; x_wconf 85' lang='lat' dir='ltr'><strong>Dei,</strong></span> <span class='ocrx_word' id='word_1_152' title='bbox 682 420 770 435; x_wconf 81' lang='lat' dir='ltr'><strong>secundum</strong></span> <span class='ocrx_word' id='word_1_153' title='bbox 784 420 870 440; x_wconf 76' lang='lat' dir='ltr'><strong>imaginem</strong></span> 
     </span>
     <span class='ocr_line' id='line_1_26' title="bbox 496 443 871 465; baseline 0.005 -7"><span class='ocrx_word' id='word_1_154' title='bbox 496 443 531 463; x_wconf 76' lang='lat' dir='ltr'><strong>ejus</strong></span> <span class='ocrx_word' id='word_1_155' title='bbox 541 443 569 464; x_wconf 85' lang='lat' dir='ltr'><strong>qni</strong></span> <span class='ocrx_word' id='word_1_156' title='bbox 581 443 641 459; x_wconf 83' lang='lat' dir='ltr'><strong>creavit</strong></span> <span class='ocrx_word' id='word_1_157' title='bbox 652 444 703 465; x_wconf 58' lang='lat' dir='ltr'><strong>illum„</strong></span> <span class='ocrx_word' id='word_1_158' title='bbox 715 444 737 460; x_wconf 88' lang='lat' dir='ltr'><strong>De</strong></span> <span class='ocrx_word' id='word_1_159' title='bbox 748 445 794 460; x_wconf 85' lang='lat' dir='ltr'><strong>tertia</strong></span> <span class='ocrx_word' id='word_1_160' title='bbox 806 449 871 465; x_wconf 83' lang='lat' dir='ltr'><strong>quoque</strong></span> 
     </span>
    </p>
   </div>
   <div class='ocr_carea' id='block_1_7' title="bbox 92 467 871 490">
    <p class='ocr_par' dir='ltr' id='par_1_7' title="bbox 92 467 871 490">
     <span class='ocr_line' id='line_1_27' title="bbox 92 467 871 490; baseline 0.003 -7"><span class='ocrx_word' id='word_1_161' title='bbox 92 468 151 488; x_wconf 87' lang='lat' dir='ltr'><strong>pimus.</strong></span> <span class='ocrx_word' id='word_1_162' title='bbox 165 468 194 483; x_wconf 90' lang='lat' dir='ltr'><strong>Sed</strong></span> <span class='ocrx_word' id='word_1_163' title='bbox 207 468 245 488; x_wconf 81' lang='lat' dir='ltr'><strong>quia</strong></span> <span class='ocrx_word' id='word_1_164' title='bbox 259 468 340 489; x_wconf 80' lang='lat' dir='ltr'><strong>principia</strong></span> <span class='ocrx_word' id='word_1_165' title='bbox 352 471 415 484; x_wconf 85' lang='lat' dir='ltr'><strong>actuum</strong></span> <span class='ocrx_word' id='word_1_166' title='bbox 430 471 468 484; x_wconf 77' lang='lat' dir='ltr'><strong>sunt</strong></span> <span class='ocrx_word' id='word_1_167' title='bbox 478 468 514 483; x_wconf 85' lang='lat' dir='ltr'><strong>Bad</strong></span> <span class='ocrx_word' id='word_1_168' title='bbox 523 467 612 484; x_wconf 85' lang='lat' dir='ltr'><strong>Corinthios</strong></span> <span class='ocrx_word' id='word_1_169' title='bbox 621 473 624 483; x_wconf 91' lang='lat'>:</span> <span class='ocrx_word' id='word_1_170' title='bbox 634 468 650 484; x_wconf 94' lang='lat' dir='ltr'><strong>ln</strong></span> <span class='ocrx_word' id='word_1_171' title='bbox 658 469 730 484; x_wconf 77' lang='lat' dir='ltr'><strong>eamdem</strong></span> <span class='ocrx_word' id='word_1_172' title='bbox 739 469 806 489; x_wconf 80' lang='lat' dir='ltr'><strong>(inquit)</strong></span> <span class='ocrx_word' id='word_1_173' title='bbox 816 469 871 490; x_wconf 86' lang='lat' dir='ltr'><strong>imagi-</strong></span> 
     </span>
    </p>
   </div>
   <div class='ocr_carea' id='block_1_8' title="bbox 90 492 469 760">
    <p class='ocr_par' dir='ltr' id='par_1_8' title="bbox 90 492 469 760">
     <span class='ocr_line' id='line_1_28' title="bbox 91 492 468 514; baseline 0.005 -7"><span class='ocrx_word' id='word_1_174' title='bbox 91 492 157 508; x_wconf 74' lang='lat' dir='ltr'><strong>habitus</strong></span> <span class='ocrx_word' id='word_1_175' title='bbox 165 494 212 513; x_wconf 76' lang='lat' dir='ltr'><strong>atque</strong></span> <span class='ocrx_word' id='word_1_176' title='bbox 220 493 300 513; x_wconf 58' lang='lat' dir='ltr'><strong>potentiss,</strong></span> <span class='ocrx_word' id='word_1_177' title='bbox 309 494 435 514; x_wconf 80' lang='lat' dir='ltr'><strong>unumquodque</strong></span> <span class='ocrx_word' id='word_1_178' title='bbox 443 498 468 509; x_wconf 86' lang='lat' dir='ltr'><strong>au-</strong></span> 
     </span>
     <span class='ocr_line' id='line_1_29' title="bbox 91 517 468 538; baseline 0.003 -6"><span class='ocrx_word' id='word_1_179' title='bbox 91 519 123 532; x_wconf 98' lang='lat' dir='ltr'><strong>tem</strong></span> <span class='ocrx_word' id='word_1_180' title='bbox 132 517 223 533; x_wconf 70' lang='lat' dir='ltr'><strong>virtualiter</strong></span> <span class='ocrx_word' id='word_1_181' title='bbox 231 519 255 533; x_wconf 78' lang='lat' dir='ltr'><strong>est</strong></span> <span class='ocrx_word' id='word_1_182' title='bbox 264 517 280 533; x_wconf 89' lang='lat' dir='ltr'><strong>in</strong></span> <span class='ocrx_word' id='word_1_183' title='bbox 291 522 319 533; x_wconf 83' lang='lat' dir='ltr'><strong>suo</strong></span> <span class='ocrx_word' id='word_1_184' title='bbox 329 517 409 538; x_wconf 81' lang='lat' dir='ltr'><strong>principio</strong></span> <span class='ocrx_word' id='word_1_185' title='bbox 418 522 422 533; x_wconf 84' lang='lat'>:</span> <span class='ocrx_word' id='word_1_186' title='bbox 430 517 468 534; x_wconf 82' lang='lat' dir='ltr'><strong>hinc</strong></span> 
     </span>
     <span class='ocr_line' id='line_1_30' title="bbox 90 541 469 563; baseline 0.003 -6"><span class='ocrx_word' id='word_1_187' title='bbox 90 541 186 557; x_wconf 74' lang='lat' dir='ltr'><strong>secundario</strong></span> <span class='ocrx_word' id='word_1_188' title='bbox 196 544 211 557; x_wconf 82' lang='lat' dir='ltr'><strong>et</strong></span> <span class='ocrx_word' id='word_1_189' title='bbox 222 542 267 562; x_wconf 81' lang='lat' dir='ltr'><strong>quasi</strong></span> <span class='ocrx_word' id='word_1_190' title='bbox 278 547 297 558; x_wconf 85' lang='lat' dir='ltr'><strong>ex</strong></span> <span class='ocrx_word' id='word_1_191' title='bbox 310 543 419 563; x_wconf 78' lang='lat' dir='ltr'><strong>consequenti,</strong></span> <span class='ocrx_word' id='word_1_192' title='bbox 430 543 469 558; x_wconf 91' lang='lat' dir='ltr'><strong>ima-</strong></span> 
     </span>
     <span class='ocr_line' id='line_1_31' title="bbox 90 566 469 589; baseline 0.005 -8"><span class='ocrx_word' id='word_1_193' title='bbox 90 571 110 586; x_wconf 83' lang='lat' dir='ltr'><strong>go</strong></span> <span class='ocrx_word' id='word_1_194' title='bbox 120 566 204 582; x_wconf 71' lang='lat' dir='ltr'><strong>Trinitatis</strong></span> <span class='ocrx_word' id='word_1_195' title='bbox 217 568 268 589; x_wconf 72' lang='lat' dir='ltr'><strong>potest</strong></span> <span class='ocrx_word' id='word_1_196' title='bbox 280 567 340 582; x_wconf 86' lang='lat' dir='ltr'><strong>attendi</strong></span> <span class='ocrx_word' id='word_1_197' title='bbox 352 567 368 583; x_wconf 90' lang='lat' dir='ltr'><strong>in</strong></span> <span class='ocrx_word' id='word_1_198' title='bbox 380 567 434 583; x_wconf 75' lang='lat' dir='ltr'><strong>anima</strong></span> <span class='ocrx_word' id='word_1_199' title='bbox 445 572 469 583; x_wconf 81' lang='lat' dir='ltr'><strong>se-</strong></span> 
     </span>
     <span class='ocr_line' id='line_1_32' title="bbox 90 591 469 612; baseline 0.003 -6"><span class='ocrx_word' id='word_1_200' title='bbox 90 591 163 606; x_wconf 89' lang='lat' dir='ltr'><strong>cundum</strong></span> <span class='ocrx_word' id='word_1_201' title='bbox 171 591 256 611; x_wconf 74' lang='lat' dir='ltr'><strong>potentias,</strong></span> <span class='ocrx_word' id='word_1_202' title='bbox 264 593 280 607; x_wconf 85' lang='lat' dir='ltr'><strong>et</strong></span> <span class='ocrx_word' id='word_1_203' title='bbox 288 591 338 612; x_wconf 83' lang='lat' dir='ltr'><strong>magis</strong></span> <span class='ocrx_word' id='word_1_204' title='bbox 345 592 433 607; x_wconf 84' lang='lat' dir='ltr'><strong>secundum</strong></span> <span class='ocrx_word' id='word_1_205' title='bbox 441 592 469 607; x_wconf 88' lang='lat' dir='ltr'><strong>ha-</strong></span> 
     </span>
     <span class='ocr_line' id='line_1_33' title="bbox 91 615 469 636; baseline 0.005 -6"><span class='ocrx_word' id='word_1_206' title='bbox 91 615 140 633; x_wconf 85' lang='lat' dir='ltr'><strong>bitus,</strong></span> <span class='ocrx_word' id='word_1_207' title='bbox 150 617 198 635; x_wconf 89' lang='lat' dir='ltr'><strong>prout</strong></span> <span class='ocrx_word' id='word_1_208' title='bbox 207 615 223 631; x_wconf 92' lang='lat' dir='ltr'><strong>in</strong></span> <span class='ocrx_word' id='word_1_209' title='bbox 234 615 273 636; x_wconf 86' lang='lat' dir='ltr'><strong>ipsis</strong></span> <span class='ocrx_word' id='word_1_210' title='bbox 283 616 373 632; x_wconf 76' lang='lat' dir='ltr'><strong>virtualiter</strong></span> <span class='ocrx_word' id='word_1_211' title='bbox 383 616 413 636; x_wconf 85' lang='lat' dir='ltr'><strong>ipsi</strong></span> <span class='ocrx_word' id='word_1_212' title='bbox 424 618 469 632; x_wconf 84' lang='lat' dir='ltr'><strong>actus</strong></span> 
     </span>
     <span class='ocr_line' id='line_1_34' title="bbox 91 639 469 661; baseline 0.003 -6"><span class='ocrx_word' id='word_1_213' title='bbox 91 640 176 655; x_wconf 70' lang='lat' dir='ltr'><strong>exsistunt.</strong></span> <span class='ocrx_word' id='word_1_214' title='bbox 186 639 245 660; x_wconf 84' lang='lat' dir='ltr'><strong>Sicque</strong></span> <span class='ocrx_word' id='word_1_215' title='bbox 257 640 309 661; x_wconf 84' lang='lat' dir='ltr'><strong>imago</strong></span> <span class='ocrx_word' id='word_1_216' title='bbox 320 640 407 659; x_wconf 84' lang='lat' dir='ltr'><strong>Trinitatis,</strong></span> <span class='ocrx_word' id='word_1_217' title='bbox 418 646 469 661; x_wconf 85' lang='lat' dir='ltr'><strong>quan-</strong></span> 
     </span>
     <span class='ocr_line' id='line_1_35' title="bbox 91 664 469 686; baseline 0.003 -6"><span class='ocrx_word' id='word_1_218' title='bbox 91 666 124 680; x_wconf 83' lang='lat' dir='ltr'><strong>tum</strong></span> <span class='ocrx_word' id='word_1_219' title='bbox 138 664 158 680; x_wconf 86' lang='lat' dir='ltr'><strong>ad</strong></span> <span class='ocrx_word' id='word_1_220' title='bbox 171 664 214 680; x_wconf 87' lang='lat' dir='ltr'><strong>vires</strong></span> <span class='ocrx_word' id='word_1_221' title='bbox 226 665 306 681; x_wconf 84' lang='lat' dir='ltr'><strong>naturales</strong></span> <span class='ocrx_word' id='word_1_222' title='bbox 321 667 403 686; x_wconf 65' lang='lat' dir='ltr'><strong>praatactas</strong></span> <span class='ocrx_word' id='word_1_223' title='bbox 417 668 433 681; x_wconf 87' lang='lat' dir='ltr'><strong>et</strong></span> <span class='ocrx_word' id='word_1_224' title='bbox 445 666 469 681; x_wconf 61' lang='lat' dir='ltr'><strong>in&gt;</strong></span> 
     </span>
     <span class='ocr_line' id='line_1_36' title="bbox 91 689 467 711; baseline 0.005 -7"><span class='ocrx_word' id='word_1_225' title='bbox 91 691 145 705; x_wconf 83' lang='lat' dir='ltr'><strong>natam</strong></span> <span class='ocrx_word' id='word_1_226' title='bbox 157 689 185 704; x_wconf 84' lang='lat' dir='ltr'><strong>Dei</strong></span> <span class='ocrx_word' id='word_1_227' title='bbox 195 690 305 710; x_wconf 70' lang='lat' dir='ltr'><strong>capacitatem,</strong></span> <span class='ocrx_word' id='word_1_228' title='bbox 314 694 377 711; x_wconf 86' lang='lat' dir='ltr'><strong>semper</strong></span> <span class='ocrx_word' id='word_1_229' title='bbox 389 692 441 706; x_wconf 85' lang='lat' dir='ltr'><strong>manet</strong></span> <span class='ocrx_word' id='word_1_230' title='bbox 452 690 467 706; x_wconf 89' lang='lat' dir='ltr'><strong>in</strong></span> 
     </span>
     <span class='ocr_line' id='line_1_37' title="bbox 91 714 468 735; baseline 0.003 -6"><span class='ocrx_word' id='word_1_231' title='bbox 91 715 152 732; x_wconf 87' lang='lat' dir='ltr'><strong>mente,</strong></span> <span class='ocrx_word' id='word_1_232' title='bbox 164 714 238 734; x_wconf 84' lang='lat' dir='ltr'><strong>quamvis</strong></span> <span class='ocrx_word' id='word_1_233' title='bbox 250 714 349 733; x_wconf 81' lang='lat' dir='ltr'><strong>obnubilata,</strong></span> <span class='ocrx_word' id='word_1_234' title='bbox 363 717 410 735; x_wconf 83' lang='lat' dir='ltr'><strong>prout</strong></span> <span class='ocrx_word' id='word_1_235' title='bbox 421 719 468 735; x_wconf 86' lang='lat' dir='ltr'><strong>quar-</strong></span> 
     </span>
     <span class='ocr_line' id='line_1_38' title="bbox 91 738 467 760; baseline 0.003 -6"><span class='ocrx_word' id='word_1_236' title='bbox 91 738 172 754; x_wconf 79' lang='lat' dir='ltr'><strong>todecimo</strong></span> <span class='ocrx_word' id='word_1_237' title='bbox 181 738 200 754; x_wconf 88' lang='lat' dir='ltr'><strong>de</strong></span> <span class='ocrx_word' id='word_1_238' title='bbox 210 738 287 755; x_wconf 79' lang='lat' dir='ltr'><strong>Trinitate</strong></span> <span class='ocrx_word' id='word_1_239' title='bbox 298 740 354 755; x_wconf 81' lang='lat' dir='ltr'><strong>asserit</strong></span> <span class='ocrx_word' id='word_1_240' title='bbox 364 739 467 760; x_wconf 66' lang='lat' dir='ltr'><strong>Augustinus,</strong></span> 
     </span>
    </p>
   </div>
   <div class='ocr_carea' id='block_1_9' title="bbox 495 492 872 759">
    <p class='ocr_par' dir='ltr' id='par_1_9' title="bbox 496 492 871 534">
     <span class='ocr_line' id='line_1_39' title="bbox 496 492 871 509; baseline 0.005 -2"><span class='ocrx_word' id='word_1_241' title='bbox 496 497 532 507; x_wconf 89' lang='lat' dir='ltr'><strong>nem</strong></span> <span class='ocrx_word' id='word_1_242' title='bbox 546 492 678 508; x_wconf 70' lang='lat' dir='ltr'><strong>transformamur</strong></span> <span class='ocrx_word' id='word_1_243' title='bbox 689 498 698 508; x_wconf 90' lang='lat' dir='ltr'><strong>a</strong></span> <span class='ocrx_word' id='word_1_244' title='bbox 711 493 783 509; x_wconf 81' lang='lat' dir='ltr'><strong>claritate</strong></span> <span class='ocrx_word' id='word_1_245' title='bbox 795 494 811 509; x_wconf 92' lang='lat' dir='ltr'><strong>in</strong></span> <span class='ocrx_word' id='word_1_246' title='bbox 824 494 871 509; x_wconf 57' lang='lat' dir='ltr'><strong>clari⁴</strong></span> 
     </span>
     <span class='ocr_line' id='line_1_40' title="bbox 496 517 681 534; baseline 0.005 -2"><span class='ocrx_word' id='word_1_247' title='bbox 496 518 550 532; x_wconf 73' lang='lat' dir='ltr'><strong>tatem.</strong></span> <span class='ocrx_word' id='word_1_248' title='bbox 562 517 597 533; x_wconf 60' lang='lat' dir='ltr'><strong>Haec</strong></span> <span class='ocrx_word' id='word_1_249' title='bbox 608 517 681 534; x_wconf 69' lang='lat' dir='ltr'><strong>Thomas⁴</strong></span> 
     </span>
    </p>

    <p class='ocr_par' dir='ltr' id='par_1_10' title="bbox 495 541 872 759">
     <span class='ocr_line' id='line_1_41' title="bbox 516 541 871 563; baseline 0.006 -6"><span class='ocrx_word' id='word_1_250' title='bbox 516 541 534 557; x_wconf 71' lang='lat' dir='ltr'><strong>Et</strong></span> <span class='ocrx_word' id='word_1_251' title='bbox 545 542 631 558; x_wconf 82' lang='lat' dir='ltr'><strong>concordat</strong></span> <span class='ocrx_word' id='word_1_252' title='bbox 641 542 721 561; x_wconf 68' lang='lat' dir='ltr'><strong>Albanus,</strong></span> <span class='ocrx_word' id='word_1_253' title='bbox 732 543 759 563; x_wconf 83' lang='lat' dir='ltr'><strong>qui</strong></span> <span class='ocrx_word' id='word_1_254' title='bbox 771 543 804 559; x_wconf 75' lang='lat' dir='ltr'><strong>liaec</strong></span> <span class='ocrx_word' id='word_1_255' title='bbox 815 543 871 559; x_wconf 80' lang='lat' dir='ltr'><strong>eadem</strong></span> 
     </span>
     <span class='ocr_line' id='line_1_42' title="bbox 495 566 870 587; baseline 0.003 -5"><span class='ocrx_word' id='word_1_256' title='bbox 495 566 552 582; x_wconf 82' lang='lat' dir='ltr'><strong>scribit</strong></span> <span class='ocrx_word' id='word_1_257' title='bbox 564 567 642 587; x_wconf 82' lang='lat' dir='ltr'><strong>prolixius</strong></span> <span class='ocrx_word' id='word_1_258' title='bbox 654 569 670 582; x_wconf 81' lang='lat' dir='ltr'><strong>et</strong></span> <span class='ocrx_word' id='word_1_259' title='bbox 682 567 732 587; x_wconf 80' lang='lat' dir='ltr'><strong>magis</strong></span> <span class='ocrx_word' id='word_1_260' title='bbox 743 567 817 583; x_wconf 84' lang='lat' dir='ltr'><strong>obscure.</strong></span> <span class='ocrx_word' id='word_1_261' title='bbox 827 568 870 583; x_wconf 89' lang='lat' dir='ltr'><strong>Unde</strong></span> 
     </span>
     <span class='ocr_line' id='line_1_43' title="bbox 496 591 871 613; baseline 0.005 -7"><span class='ocrx_word' id='word_1_262' title='bbox 496 591 572 610; x_wconf 83' lang='lat' dir='ltr'><strong>insinuat,</strong></span> <span class='ocrx_word' id='word_1_263' title='bbox 581 591 623 612; x_wconf 77' lang='lat' dir='ltr'><strong>quod</strong></span> <span class='ocrx_word' id='word_1_264' title='bbox 634 591 676 607; x_wconf 84' lang='lat' dir='ltr'><strong>sicut</strong></span> <span class='ocrx_word' id='word_1_265' title='bbox 686 592 738 612; x_wconf 83' lang='lat' dir='ltr'><strong>imago</strong></span> <span class='ocrx_word' id='word_1_266' title='bbox 746 592 815 608; x_wconf 77' lang='lat' dir='ltr'><strong>exterior</strong></span> <span class='ocrx_word' id='word_1_267' title='bbox 822 597 871 613; x_wconf 85' lang='lat' dir='ltr'><strong>quan-</strong></span> 
     </span>
     <span class='ocr_line' id='line_1_44' title="bbox 496 616 871 633; baseline 0.008 -3"><span class='ocrx_word' id='word_1_268' title='bbox 496 617 529 631; x_wconf 88' lang='lat' dir='ltr'><strong>tum</strong></span> <span class='ocrx_word' id='word_1_269' title='bbox 542 616 561 631; x_wconf 81' lang='lat' dir='ltr'><strong>ad</strong></span> <span class='ocrx_word' id='word_1_270' title='bbox 574 620 619 631; x_wconf 77' lang='lat' dir='ltr'><strong>suam</strong></span> <span class='ocrx_word' id='word_1_271' title='bbox 634 616 784 632; x_wconf 66' lang='lat' dir='ltr'><strong>substantialitatem</strong></span> <span class='ocrx_word' id='word_1_272' title='bbox 798 617 871 633; x_wconf 71' lang='lat' dir='ltr'><strong>consistit</strong></span> 
     </span>
     <span class='ocr_line' id='line_1_45' title="bbox 496 640 872 662; baseline 0.005 -7"><span class='ocrx_word' id='word_1_273' title='bbox 496 640 512 655; x_wconf 88' lang='lat' dir='ltr'><strong>in</strong></span> <span class='ocrx_word' id='word_1_274' title='bbox 526 640 621 656; x_wconf 84' lang='lat' dir='ltr'><strong>formatione</strong></span> <span class='ocrx_word' id='word_1_275' title='bbox 633 643 649 656; x_wconf 91' lang='lat' dir='ltr'><strong>et</strong></span> <span class='ocrx_word' id='word_1_276' title='bbox 661 641 762 661; x_wconf 71' lang='lat' dir='ltr'><strong>figuratione,</strong></span> <span class='ocrx_word' id='word_1_277' title='bbox 772 641 830 657; x_wconf 84' lang='lat' dir='ltr'><strong>deinde</strong></span> <span class='ocrx_word' id='word_1_278' title='bbox 843 646 872 662; x_wconf 81' lang='lat' dir='ltr'><strong>per</strong></span> 
     </span>
     <span class='ocr_line' id='line_1_46' title="bbox 496 665 871 686; baseline 0.005 -6"><span class='ocrx_word' id='word_1_279' title='bbox 496 665 623 681; x_wconf 78' lang='lat' dir='ltr'><strong>venustationom</strong></span> <span class='ocrx_word' id='word_1_280' title='bbox 640 665 697 681; x_wconf 89' lang='lat' dir='ltr'><strong>coloris</strong></span> <span class='ocrx_word' id='word_1_281' title='bbox 713 668 729 681; x_wconf 91' lang='lat' dir='ltr'><strong>et</strong></span> <span class='ocrx_word' id='word_1_282' title='bbox 744 666 871 686; x_wconf 83' lang='lat' dir='ltr'><strong>pulchrificatio-</strong></span> 
     </span>
     <span class='ocr_line' id='line_1_47' title="bbox 496 689 871 711; baseline 0.003 -6"><span class='ocrx_word' id='word_1_283' title='bbox 496 694 532 705; x_wconf 87' lang='lat' dir='ltr'><strong>nem</strong></span> <span class='ocrx_word' id='word_1_284' title='bbox 546 689 638 710; x_wconf 75' lang='lat' dir='ltr'><strong>perficitur3</strong></span> <span class='ocrx_word' id='word_1_285' title='bbox 652 690 673 705; x_wconf 83' lang='lat' dir='ltr'><strong>ita</strong></span> <span class='ocrx_word' id='word_1_286' title='bbox 686 690 737 711; x_wconf 89' lang='lat' dir='ltr'><strong>imago</strong></span> <span class='ocrx_word' id='word_1_287' title='bbox 750 690 777 706; x_wconf 86' lang='lat' dir='ltr'><strong>Dei</strong></span> <span class='ocrx_word' id='word_1_288' title='bbox 790 691 806 706; x_wconf 92' lang='lat' dir='ltr'><strong>in</strong></span> <span class='ocrx_word' id='word_1_289' title='bbox 819 690 871 706; x_wconf 85' lang='lat' dir='ltr'><strong>anima</strong></span> 
     </span>
     <span class='ocr_line' id='line_1_48' title="bbox 496 714 871 735; baseline 0.003 -6"><span class='ocrx_word' id='word_1_290' title='bbox 496 714 549 734; x_wconf 86' lang='lat' dir='ltr'><strong>primo</strong></span> <span class='ocrx_word' id='word_1_291' title='bbox 559 714 696 735; x_wconf 73' lang='lat' dir='ltr'><strong>essentialiterque</strong></span> <span class='ocrx_word' id='word_1_292' title='bbox 708 715 781 731; x_wconf 75' lang='lat' dir='ltr'><strong>consistit</strong></span> <span class='ocrx_word' id='word_1_293' title='bbox 792 715 808 730; x_wconf 96' lang='lat' dir='ltr'><strong>in</strong></span> <span class='ocrx_word' id='word_1_294' title='bbox 820 715 871 731; x_wconf 84' lang='lat' dir='ltr'><strong>trihus</strong></span> 
     </span>
     <span class='ocr_line' id='line_1_49' title="bbox 496 738 872 759; baseline 0.003 -5"><span class='ocrx_word' id='word_1_295' title='bbox 496 738 575 758; x_wconf 70' lang='lat' dir='ltr'><strong>praetactis</strong></span> <span class='ocrx_word' id='word_1_296' title='bbox 590 738 665 759; x_wconf 83' lang='lat' dir='ltr'><strong>potentiis</strong></span> <span class='ocrx_word' id='word_1_297' title='bbox 679 741 727 759; x_wconf 83' lang='lat' dir='ltr'><strong>atque</strong></span> <span class='ocrx_word' id='word_1_298' title='bbox 739 739 799 755; x_wconf 83' lang='lat' dir='ltr'><strong>innatis</strong></span> <span class='ocrx_word' id='word_1_299' title='bbox 813 739 872 755; x_wconf 85' lang='lat' dir='ltr'><strong>habiti-</strong></span> 
     </span>
    </p>
   </div>
   <div class='ocr_carea' id='block_1_10' title="bbox 91 762 871 785">
    <p class='ocr_par' dir='ltr' id='par_1_11' title="bbox 91 762 871 785">
     <span class='ocr_line' id='line_1_50' title="bbox 91 762 871 785; baseline 0.003 -7"><span class='ocrx_word' id='word_1_300' title='bbox 91 762 109 778; x_wconf 71' lang='grc' dir='ltr'><strong>ΕΙ</strong></span> <span class='ocrx_word' id='word_1_301' title='bbox 120 767 151 784; x_wconf 81' lang='lat' dir='ltr'><strong>per</strong></span> <span class='ocrx_word' id='word_1_302' title='bbox 162 763 192 779; x_wconf 85' lang='lat' dir='ltr'><strong>hoc</strong></span> <span class='ocrx_word' id='word_1_303' title='bbox 203 765 247 784; x_wconf 68' lang='lat' dir='ltr'><strong>patet</strong></span> <span class='ocrx_word' id='word_1_304' title='bbox 256 763 315 780; x_wconf 83' lang='lat' dir='ltr'><strong>solutio</strong></span> <span class='ocrx_word' id='word_1_305' title='bbox 326 764 345 780; x_wconf 83' lang='lat' dir='ltr'><strong>ad</strong></span> <span class='ocrx_word' id='word_1_306' title='bbox 356 764 424 784; x_wconf 80' lang='lat' dir='ltr'><strong>objecta.</strong></span> <span class='ocrx_word' id='word_1_307' title='bbox 432 764 468 780; x_wconf 75' lang='lat' dir='ltr'><strong>Haec</strong></span> <span class='ocrx_word' id='word_1_308' title='bbox 477 762 489 778; x_wconf 86' lang='lat' dir='ltr'>C</span> <span class='ocrx_word' id='word_1_309' title='bbox 496 762 531 781; x_wconf 77' lang='lat' dir='ltr'><strong>bns,</strong></span> <span class='ocrx_word' id='word_1_310' title='bbox 542 763 599 779; x_wconf 79' lang='lat' dir='ltr'><strong>deinde</strong></span> <span class='ocrx_word' id='word_1_311' title='bbox 611 763 627 779; x_wconf 94' lang='lat' dir='ltr'><strong>in</strong></span> <span class='ocrx_word' id='word_1_312' title='bbox 640 763 746 784; x_wconf 71' lang='lat' dir='ltr'><strong>superadditis</strong></span> <span class='ocrx_word' id='word_1_313' title='bbox 758 764 804 780; x_wconf 81' lang='lat' dir='ltr'><strong>dunis</strong></span> <span class='ocrx_word' id='word_1_314' title='bbox 816 764 871 785; x_wconf 76' lang='lat' dir='ltr'><strong>gratiae</strong></span> 
     </span>
    </p>
   </div>
   <div class='ocr_carea' id='block_1_11' title="bbox 90 788 469 1055">
    <p class='ocr_par' dir='ltr' id='par_1_12' title="bbox 90 788 469 957">
     <span class='ocr_line' id='line_1_51' title="bbox 91 788 469 809; baseline 0.005 -6"><span class='ocrx_word' id='word_1_315' title='bbox 91 788 166 804; x_wconf 73' lang='lat' dir='ltr'><strong>Thomas.</strong></span> <span class='ocrx_word' id='word_1_316' title='bbox 175 797 195 800; x_wconf 97' lang='lat'><strong>—</strong></span> <span class='ocrx_word' id='word_1_317' title='bbox 202 788 262 809; x_wconf 81' lang='lat' dir='ltr'><strong>ltaque,</strong></span> <span class='ocrx_word' id='word_1_318' title='bbox 271 793 303 809; x_wconf 85' lang='lat' dir='ltr'><strong>quo</strong></span> <span class='ocrx_word' id='word_1_319' title='bbox 313 789 355 805; x_wconf 82' lang='lat' dir='ltr'><strong>vires</strong></span> <span class='ocrx_word' id='word_1_320' title='bbox 365 789 415 809; x_wconf 76' lang='lat' dir='ltr'><strong>magis</strong></span> <span class='ocrx_word' id='word_1_321' title='bbox 425 791 469 805; x_wconf 80' lang='lat' dir='ltr'><strong>actu-</strong></span> 
     </span>
     <span class='ocr_line' id='line_1_52' title="bbox 90 813 468 834; baseline 0.003 -6"><span class='ocrx_word' id='word_1_322' title='bbox 90 813 138 828; x_wconf 80' lang='lat' dir='ltr'><strong>aliter</strong></span> <span class='ocrx_word' id='word_1_323' title='bbox 150 813 258 833; x_wconf 81' lang='lat' dir='ltr'><strong>perficiuntur</strong></span> <span class='ocrx_word' id='word_1_324' title='bbox 268 818 298 834; x_wconf 79' lang='lat' dir='ltr'><strong>per</strong></span> <span class='ocrx_word' id='word_1_325' title='bbox 308 813 404 829; x_wconf 74' lang='lat' dir='ltr'><strong>charismata</strong></span> <span class='ocrx_word' id='word_1_326' title='bbox 413 814 468 834; x_wconf 68' lang='lat' dir='ltr'><strong>gratim</strong></span> 
     </span>
     <span class='ocr_line' id='line_1_53' title="bbox 91 838 468 859; baseline 0.003 -6"><span class='ocrx_word' id='word_1_327' title='bbox 91 839 118 853; x_wconf 77' lang='lat' dir='ltr'><strong>aut</strong></span> <span class='ocrx_word' id='word_1_328' title='bbox 129 842 160 858; x_wconf 84' lang='lat' dir='ltr'><strong>per</strong></span> <span class='ocrx_word' id='word_1_329' title='bbox 171 838 212 853; x_wconf 90' lang='lat' dir='ltr'><strong>dona</strong></span> <span class='ocrx_word' id='word_1_330' title='bbox 221 838 282 858; x_wconf 70' lang='lat' dir='ltr'><strong>glori-e,</strong></span> <span class='ocrx_word' id='word_1_331' title='bbox 290 843 309 854; x_wconf 82' lang='lat' dir='ltr'><strong>eo</strong></span> <span class='ocrx_word' id='word_1_332' title='bbox 320 838 336 854; x_wconf 92' lang='lat' dir='ltr'><strong>in</strong></span> <span class='ocrx_word' id='word_1_333' title='bbox 348 838 371 854; x_wconf 80' lang='lat' dir='ltr'><strong>eis</strong></span> <span class='ocrx_word' id='word_1_334' title='bbox 382 838 468 859; x_wconf 80' lang='lat' dir='ltr'><strong>perfectius</strong></span> 
     </span>
     <span class='ocr_line' id='line_1_54' title="bbox 92 862 468 883; baseline 0.003 -5"><span class='ocrx_word' id='word_1_335' title='bbox 92 862 161 882; x_wconf 75' lang='lat' dir='ltr'><strong>refulget</strong></span> <span class='ocrx_word' id='word_1_336' title='bbox 172 862 224 883; x_wconf 83' lang='lat' dir='ltr'><strong>imago</strong></span> <span class='ocrx_word' id='word_1_337' title='bbox 235 862 322 878; x_wconf 32' lang='lat' dir='ltr'><strong>Trinitatis*</strong></span> <span class='ocrx_word' id='word_1_338' title='bbox 333 863 377 879; x_wconf 84' lang='lat' dir='ltr'><strong>Unde</strong></span> <span class='ocrx_word' id='word_1_339' title='bbox 389 863 405 879; x_wconf 89' lang='lat' dir='ltr'><strong>in</strong></span> <span class='ocrx_word' id='word_1_340' title='bbox 417 863 468 879; x_wconf 83' lang='lat' dir='ltr'><strong>Beatis</strong></span> 
     </span>
     <span class='ocr_line' id='line_1_55' title="bbox 91 887 469 908; baseline 0.005 -6"><span class='ocrx_word' id='word_1_341' title='bbox 91 887 181 903; x_wconf 74' lang='lat' dir='ltr'><strong>clarissime</strong></span> <span class='ocrx_word' id='word_1_342' title='bbox 191 887 233 903; x_wconf 78' lang='lat' dir='ltr'><strong>lucet</strong></span> <span class='ocrx_word' id='word_1_343' title='bbox 241 892 245 903; x_wconf 71' lang='grc' dir='ltr'><em>τ</em></span> <span class='ocrx_word' id='word_1_344' title='bbox 254 887 273 903; x_wconf 82' lang='lat' dir='ltr'><strong>de</strong></span> <span class='ocrx_word' id='word_1_345' title='bbox 283 887 343 908; x_wconf 83' lang='lat' dir='ltr'><strong>quihus</strong></span> <span class='ocrx_word' id='word_1_346' title='bbox 353 888 393 903; x_wconf 86' lang='lat' dir='ltr'><strong>dixit</strong></span> <span class='ocrx_word' id='word_1_347' title='bbox 403 888 469 908; x_wconf 74' lang='lat' dir='ltr'><strong>Aposto-</strong></span> 
     </span>
     <span class='ocr_line' id='line_1_56' title="bbox 91 911 468 932; baseline 0.003 -5"><span class='ocrx_word' id='word_1_348' title='bbox 91 911 121 930; x_wconf 72' lang='lat' dir='ltr'><strong>lus,</strong></span> <span class='ocrx_word' id='word_1_349' title='bbox 134 911 178 930; x_wconf 76' lang='lat' dir='ltr'><strong>Quos</strong></span> <span class='ocrx_word' id='word_1_350' title='bbox 193 912 313 932; x_wconf 70' lang='lat' dir='ltr'><strong>pnedestinavit</strong></span> <span class='ocrx_word' id='word_1_351' title='bbox 327 912 417 928; x_wconf 81' lang='lat' dir='ltr'><strong>conformes</strong></span> <span class='ocrx_word' id='word_1_352' title='bbox 432 912 468 928; x_wconf 90' lang='lat' dir='ltr'><strong>fieri</strong></span> 
     </span>
     <span class='ocr_line' id='line_1_57' title="bbox 91 936 255 957; baseline 0 -5"><span class='ocrx_word' id='word_1_353' title='bbox 91 936 167 957; x_wconf 87' lang='lat' dir='ltr'><strong>imaginis</strong></span> <span class='ocrx_word' id='word_1_354' title='bbox 178 936 214 952; x_wconf 80' lang='lat' dir='ltr'><strong>Filii</strong></span> <span class='ocrx_word' id='word_1_355' title='bbox 225 936 255 952; x_wconf 83' lang='lat' dir='ltr'><strong>sui.</strong></span> 
     </span>
    </p>

    <p class='ocr_par' dir='ltr' id='par_1_13' title="bbox 91 960 469 1055">
     <span class='ocr_line' id='line_1_58' title="bbox 111 960 467 982; baseline 0.003 -6"><span class='ocrx_word' id='word_1_356' title='bbox 111 961 153 977; x_wconf 76' lang='lat' dir='ltr'><strong>Hine</strong></span> <span class='ocrx_word' id='word_1_357' title='bbox 164 960 187 976; x_wconf 88' lang='lat' dir='ltr'><strong>ait</strong></span> <span class='ocrx_word' id='word_1_358' title='bbox 197 961 265 977; x_wconf 83' lang='lat' dir='ltr'><strong>Thomas</strong></span> <span class='ocrx_word' id='word_1_359' title='bbox 274 966 277 977; x_wconf 75' lang='grc' dir='ltr'><em>τ</em></span> <span class='ocrx_word' id='word_1_360' title='bbox 286 961 339 982; x_wconf 81' lang='lat' dir='ltr'><strong>Imago</strong></span> <span class='ocrx_word' id='word_1_361' title='bbox 350 961 377 977; x_wconf 90' lang='lat' dir='ltr'><strong>Dei</strong></span> <span class='ocrx_word' id='word_1_362' title='bbox 389 963 441 982; x_wconf 76' lang='lat' dir='ltr'><strong>potest</strong></span> <span class='ocrx_word' id='word_1_363' title='bbox 451 961 467 977; x_wconf 89' lang='lat' dir='ltr'><strong>in</strong></span> 
     </span>
     <span class='ocr_line' id='line_1_59' title="bbox 92 985 468 1006; baseline 0.003 -5"><span class='ocrx_word' id='word_1_364' title='bbox 92 985 158 1001; x_wconf 84' lang='lat' dir='ltr'><strong>homine</strong></span> <span class='ocrx_word' id='word_1_365' title='bbox 168 985 254 1006; x_wconf 74' lang='lat' dir='ltr'><strong>tripliciter</strong></span> <span class='ocrx_word' id='word_1_366' title='bbox 264 986 367 1002; x_wconf 86' lang='lat' dir='ltr'><strong>considerari.</strong></span> <span class='ocrx_word' id='word_1_367' title='bbox 376 986 434 1005; x_wconf 79' lang='lat' dir='ltr'><strong>Primo,</strong></span> <span class='ocrx_word' id='word_1_368' title='bbox 444 991 468 1002; x_wconf 82' lang='lat' dir='ltr'><strong>se-</strong></span> 
     </span>
     <span class='ocr_line' id='line_1_60' title="bbox 91 1010 469 1031; baseline 0.003 -6"><span class='ocrx_word' id='word_1_369' title='bbox 91 1010 162 1026; x_wconf 90' lang='lat' dir='ltr'><strong>cundum</strong></span> <span class='ocrx_word' id='word_1_370' title='bbox 173 1010 216 1030; x_wconf 83' lang='lat' dir='ltr'><strong>quod</strong></span> <span class='ocrx_word' id='word_1_371' title='bbox 228 1010 275 1026; x_wconf 80' lang='lat' dir='ltr'><strong>homo</strong></span> <span class='ocrx_word' id='word_1_372' title='bbox 284 1010 332 1026; x_wconf 80' lang='lat' dir='ltr'><strong>habet</strong></span> <span class='ocrx_word' id='word_1_373' title='bbox 342 1011 430 1026; x_wconf 80' lang='lat' dir='ltr'><strong>naturalem</strong></span> <span class='ocrx_word' id='word_1_374' title='bbox 441 1015 469 1031; x_wconf 70' lang='lat' dir='ltr'><strong>np-</strong></span> 
     </span>
     <span class='ocr_line' id='line_1_61' title="bbox 92 1034 467 1055; baseline 0.003 -5"><span class='ocrx_word' id='word_1_375' title='bbox 92 1034 178 1050; x_wconf 75' lang='lat' dir='ltr'><strong>titudinem</strong></span> <span class='ocrx_word' id='word_1_376' title='bbox 190 1035 210 1050; x_wconf 93' lang='lat' dir='ltr'><strong>ad</strong></span> <span class='ocrx_word' id='word_1_377' title='bbox 222 1034 343 1055; x_wconf 76' lang='lat' dir='ltr'><strong>intelligendum</strong></span> <span class='ocrx_word' id='word_1_378' title='bbox 355 1037 371 1051; x_wconf 87' lang='lat' dir='ltr'><strong>et</strong></span> <span class='ocrx_word' id='word_1_379' title='bbox 381 1035 467 1051; x_wconf 85' lang='lat' dir='ltr'><strong>amandum</strong></span> 
     </span>
    </p>
   </div>
   <div class='ocr_carea' id='block_1_12' title="bbox 495 788 872 1056">
    <p class='ocr_par' dir='ltr' id='par_1_14' title="bbox 495 788 872 882">
     <span class='ocr_line' id='line_1_62' title="bbox 496 788 870 809; baseline 0.005 -6"><span class='ocrx_word' id='word_1_380' title='bbox 496 792 514 803; x_wconf 84' lang='lat' dir='ltr'><strong>ac</strong></span> <span class='ocrx_word' id='word_1_381' title='bbox 529 788 615 804; x_wconf 73' lang='lat' dir='ltr'><strong>meritoriis</strong></span> <span class='ocrx_word' id='word_1_382' title='bbox 629 788 692 804; x_wconf 84' lang='lat' dir='ltr'><strong>actibus</strong></span> <span class='ocrx_word' id='word_1_383' title='bbox 708 793 711 804; x_wconf 78' lang='grc' dir='ltr'><em>ι</em></span> <span class='ocrx_word' id='word_1_384' title='bbox 727 791 743 804; x_wconf 93' lang='lat' dir='ltr'><strong>et</strong></span> <span class='ocrx_word' id='word_1_385' title='bbox 758 791 836 809; x_wconf 87' lang='lat' dir='ltr'><strong>quantum</strong></span> <span class='ocrx_word' id='word_1_386' title='bbox 851 789 870 805; x_wconf 85' lang='lat' dir='ltr'><strong>ad</strong></span> 
     </span>
     <span class='ocr_line' id='line_1_63' title="bbox 496 812 872 833; baseline 0.003 -5"><span class='ocrx_word' id='word_1_387' title='bbox 496 812 535 831; x_wconf 77' lang='lat' dir='ltr'><strong>luec,</strong></span> <span class='ocrx_word' id='word_1_388' title='bbox 549 815 600 833; x_wconf 81' lang='lat' dir='ltr'><strong>potest</strong></span> <span class='ocrx_word' id='word_1_389' title='bbox 611 813 669 829; x_wconf 86' lang='lat' dir='ltr'><strong>amitti.</strong></span> <span class='ocrx_word' id='word_1_390' title='bbox 682 813 726 829; x_wconf 85' lang='lat' dir='ltr'><strong>Unde</strong></span> <span class='ocrx_word' id='word_1_391' title='bbox 740 814 828 829; x_wconf 86' lang='lat' dir='ltr'><strong>seeundum</strong></span> <span class='ocrx_word' id='word_1_392' title='bbox 840 814 872 829; x_wconf 79' lang='lat' dir='ltr'><strong>Au-</strong></span> 
     </span>
     <span class='ocr_line' id='line_1_64' title="bbox 495 837 872 858; baseline 0.005 -6"><span class='ocrx_word' id='word_1_393' title='bbox 495 837 583 857; x_wconf 80' lang='lat' dir='ltr'><strong>gustinum.</strong></span> <span class='ocrx_word' id='word_1_394' title='bbox 594 837 642 853; x_wconf 81' lang='lat' dir='ltr'><strong>homo</strong></span> <span class='ocrx_word' id='word_1_395' title='bbox 655 838 735 858; x_wconf 83' lang='lat' dir='ltr'><strong>peccando</strong></span> <span class='ocrx_word' id='word_1_396' title='bbox 746 838 809 854; x_wconf 83' lang='lat' dir='ltr'><strong>transiit</strong></span> <span class='ocrx_word' id='word_1_397' title='bbox 820 839 836 854; x_wconf 92' lang='lat' dir='ltr'><strong>in</strong></span> <span class='ocrx_word' id='word_1_398' title='bbox 847 843 872 854; x_wconf 81' lang='lat' dir='ltr'><strong>re-</strong></span> 
     </span>
     <span class='ocr_line' id='line_1_65' title="bbox 495 861 710 882; baseline 0.005 -5"><span class='ocrx_word' id='word_1_399' title='bbox 495 861 558 882; x_wconf 84' lang='lat' dir='ltr'><strong>gionem</strong></span> <span class='ocrx_word' id='word_1_400' title='bbox 569 862 710 878; x_wconf 81' lang='lat' dir='ltr'><strong>dissimilitudinis.</strong></span> 
     </span>
    </p>

    <p class='ocr_par' dir='ltr' id='par_1_15' title="bbox 495 886 871 1056">
     <span class='ocr_line' id='line_1_66' title="bbox 519 886 869 907; baseline 0.003 -5"><span class='ocrx_word' id='word_1_401' title='bbox 519 886 590 907; x_wconf 81' lang='lat' dir='ltr'><strong>Insuper,</strong></span> <span class='ocrx_word' id='word_1_402' title='bbox 606 886 648 902; x_wconf 84' lang='lat' dir='ltr'><strong>circa</strong></span> <span class='ocrx_word' id='word_1_403' title='bbox 663 887 696 903; x_wconf 72' lang='lat' dir='ltr'><strong>haec</strong></span> <span class='ocrx_word' id='word_1_404' title='bbox 711 887 767 903; x_wconf 80' lang='lat' dir='ltr'><strong>scribit</strong></span> <span class='ocrx_word' id='word_1_405' title='bbox 781 887 852 907; x_wconf 73' lang='lat' dir='ltr'><strong>AEgidius</strong></span> <span class='ocrx_word' id='word_1_406' title='bbox 865 892 869 903; x_wconf 82' lang='lat' dir='ltr'><strong><em>z</em></strong></span> 
     </span>
     <span class='ocr_line' id='line_1_67' title="bbox 495 910 870 932; baseline 0.003 -6"><span class='ocrx_word' id='word_1_407' title='bbox 495 910 540 927; x_wconf 77' lang='lat' dir='ltr'><strong>Circa</strong></span> <span class='ocrx_word' id='word_1_408' title='bbox 548 911 640 927; x_wconf 75' lang='lat' dir='ltr'><strong>Trinitatem</strong></span> <span class='ocrx_word' id='word_1_409' title='bbox 649 913 727 931; x_wconf 88' lang='lat' dir='ltr'><strong>quantum</strong></span> <span class='ocrx_word' id='word_1_410' title='bbox 734 911 754 927; x_wconf 86' lang='lat' dir='ltr'><strong>ad</strong></span> <span class='ocrx_word' id='word_1_411' title='bbox 762 916 832 932; x_wconf 68' lang='lat' dir='ltr'><strong>praesens</strong></span> <span class='ocrx_word' id='word_1_412' title='bbox 839 912 870 927; x_wconf 87' lang='lat' dir='ltr'><strong>tria</strong></span> 
     </span>
     <span class='ocr_line' id='line_1_68' title="bbox 495 935 871 956; baseline 0.003 -5"><span class='ocrx_word' id='word_1_413' title='bbox 495 935 621 954; x_wconf 80' lang='lat' dir='ltr'><strong>considerantur,</strong></span> <span class='ocrx_word' id='word_1_414' title='bbox 632 936 707 951; x_wconf 85' lang='lat' dir='ltr'><strong>videlicet</strong></span> <span class='ocrx_word' id='word_1_415' title='bbox 720 936 823 956; x_wconf 71' lang='lat' dir='ltr'><strong>perpetuitas,</strong></span> <span class='ocrx_word' id='word_1_416' title='bbox 835 936 871 952; x_wconf 89' lang='lat' dir='ltr'><strong>uni-</strong></span> 
     </span>
     <span class='ocr_line' id='line_1_69' title="bbox 495 960 870 981; baseline 0 -5"><span class='ocrx_word' id='word_1_417' title='bbox 495 962 524 979; x_wconf 81' lang='lat' dir='ltr'><strong>tas,</strong></span> <span class='ocrx_word' id='word_1_418' title='bbox 532 962 549 976; x_wconf 82' lang='lat' dir='ltr'><strong>et</strong></span> <span class='ocrx_word' id='word_1_419' title='bbox 556 960 623 976; x_wconf 76' lang='lat' dir='ltr'><strong>imitatio</strong></span> <span class='ocrx_word' id='word_1_420' title='bbox 632 960 705 976; x_wconf 79' lang='lat' dir='ltr'><strong>actualis.</strong></span> <span class='ocrx_word' id='word_1_421' title='bbox 713 960 793 979; x_wconf 84' lang='lat' dir='ltr'><strong>Quantum</strong></span> <span class='ocrx_word' id='word_1_422' title='bbox 803 965 840 981; x_wconf 82' lang='lat' dir='ltr'><strong>ergo</strong></span> <span class='ocrx_word' id='word_1_423' title='bbox 850 961 870 976; x_wconf 77' lang='lat' dir='ltr'><strong>ad</strong></span> 
     </span>
     <span class='ocr_line' id='line_1_70' title="bbox 495 984 870 1006; baseline 0.003 -6"><span class='ocrx_word' id='word_1_424' title='bbox 495 984 572 1000; x_wconf 84' lang='lat' dir='ltr'><strong>unitatem</strong></span> <span class='ocrx_word' id='word_1_425' title='bbox 582 985 660 1004; x_wconf 78' lang='lat' dir='ltr'><strong>essentiae,</strong></span> <span class='ocrx_word' id='word_1_426' title='bbox 668 985 718 1005; x_wconf 80' lang='lat' dir='ltr'><strong>magis</strong></span> <span class='ocrx_word' id='word_1_427' title='bbox 728 987 831 1006; x_wconf 66' lang='lat' dir='ltr'><strong>repraesentat</strong></span> <span class='ocrx_word' id='word_1_428' title='bbox 839 985 870 1001; x_wconf 84' lang='lat' dir='ltr'><strong>Tri-</strong></span> 
     </span>
     <span class='ocr_line' id='line_1_71' title="bbox 495 1010 870 1031; baseline 0.003 -6"><span class='ocrx_word' id='word_1_429' title='bbox 495 1010 561 1025; x_wconf 81' lang='lat' dir='ltr'><strong>nitatem</strong></span> <span class='ocrx_word' id='word_1_430' title='bbox 572 1010 654 1030; x_wconf 73' lang='lat' dir='ltr'><strong>pluralitas</strong></span> <span class='ocrx_word' id='word_1_431' title='bbox 666 1010 772 1031; x_wconf 83' lang='lat' dir='ltr'><strong>potentiarum</strong></span> <span class='ocrx_word' id='word_1_432' title='bbox 783 1015 832 1031; x_wconf 80' lang='lat' dir='ltr'><strong>quam</strong></span> <span class='ocrx_word' id='word_1_433' title='bbox 842 1011 870 1026; x_wconf 82' lang='lat' dir='ltr'><strong>lia-</strong></span> 
     </span>
     <span class='ocr_line' id='line_1_72' title="bbox 496 1034 869 1056; baseline 0.003 -6"><span class='ocrx_word' id='word_1_434' title='bbox 496 1034 558 1050; x_wconf 77' lang='lat' dir='ltr'><strong>bituum</strong></span> <span class='ocrx_word' id='word_1_435' title='bbox 567 1034 617 1055; x_wconf 85' lang='lat' dir='ltr'><strong>:quia</strong></span> <span class='ocrx_word' id='word_1_436' title='bbox 628 1035 703 1055; x_wconf 74' lang='lat' dir='ltr'><strong>potentiae</strong></span> <span class='ocrx_word' id='word_1_437' title='bbox 714 1035 764 1056; x_wconf 80' lang='lat' dir='ltr'><strong>magis</strong></span> <span class='ocrx_word' id='word_1_438' title='bbox 777 1035 869 1052; x_wconf 80' lang='lat' dir='ltr'><strong>immediate</strong></span> 
     </span>
    </p>
   </div>
   <div class='ocr_carea' id='block_1_13' title="bbox 92 1059 869 1080">
    <p class='ocr_par' dir='ltr' id='par_1_16' title="bbox 92 1059 869 1080">
     <span class='ocr_line' id='line_1_73' title="bbox 92 1059 869 1080; baseline 0.001 -5"><span class='ocrx_word' id='word_1_439' title='bbox 92 1059 140 1075; x_wconf 83' lang='lat' dir='ltr'><strong>Deum</strong></span> <span class='ocrx_word' id='word_1_440' title='bbox 152 1064 156 1074; x_wconf 73' lang='lat' dir='ltr'>t</span> <span class='ocrx_word' id='word_1_441' title='bbox 167 1064 204 1079; x_wconf 69' lang='lat' dir='ltr'><strong>quo</strong></span> <span class='ocrx_word' id='word_1_442' title='bbox 215 1059 288 1079; x_wconf 83' lang='lat' dir='ltr'><strong>aptitudo</strong></span> <span class='ocrx_word' id='word_1_443' title='bbox 298 1060 371 1075; x_wconf 84' lang='lat' dir='ltr'><strong>consistit</strong></span> <span class='ocrx_word' id='word_1_444' title='bbox 382 1060 398 1075; x_wconf 92' lang='lat' dir='ltr'><strong>in</strong></span> <span class='ocrx_word' id='word_1_445' title='bbox 410 1062 467 1075; x_wconf 85' lang='lat' dir='ltr'><strong>natura</strong></span> <span class='ocrx_word' id='word_1_446' title='bbox 475 1060 487 1075; x_wconf 89' lang='lat' dir='ltr'>D</span> <span class='ocrx_word' id='word_1_447' title='bbox 496 1059 550 1075; x_wconf 85' lang='lat' dir='ltr'><strong>insunt</strong></span> <span class='ocrx_word' id='word_1_448' title='bbox 557 1059 630 1075; x_wconf 72' lang='lat' dir='ltr'><strong>essentias</strong></span> <span class='ocrx_word' id='word_1_449' title='bbox 638 1059 701 1079; x_wconf 66' lang='lat' dir='ltr'><strong>animas,</strong></span> <span class='ocrx_word' id='word_1_450' title='bbox 709 1064 757 1080; x_wconf 87' lang='lat' dir='ltr'><strong>quam</strong></span> <span class='ocrx_word' id='word_1_451' title='bbox 768 1060 832 1076; x_wconf 69' lang='lat' dir='ltr'><strong>habitus</strong></span> <span class='ocrx_word' id='word_1_452' title='bbox 841 1062 869 1076; x_wconf 88' lang='lat' dir='ltr'><strong>aut</strong></span> 
     </span>
    </p>
   </div>
   <div class='ocr_carea' id='block_1_14' title="bbox 91 1084 468 1378">
    <p class='ocr_par' dir='ltr' id='par_1_17' title="bbox 91 1084 468 1378">
     <span class='ocr_line' id='line_1_74' title="bbox 91 1084 468 1104; baseline 0.003 -5"><span class='ocrx_word' id='word_1_453' title='bbox 91 1084 156 1102; x_wconf 85' lang='lat' dir='ltr'><strong>mentis,</strong></span> <span class='ocrx_word' id='word_1_454' title='bbox 169 1086 225 1104; x_wconf 83' lang='lat' dir='ltr'><strong>eatque</strong></span> <span class='ocrx_word' id='word_1_455' title='bbox 237 1084 328 1100; x_wconf 81' lang='lat' dir='ltr'><strong>communis</strong></span> <span class='ocrx_word' id='word_1_456' title='bbox 341 1084 402 1100; x_wconf 81' lang='lat' dir='ltr'><strong>cunctis</strong></span> <span class='ocrx_word' id='word_1_457' title='bbox 417 1084 468 1100; x_wconf 80' lang='lat' dir='ltr'><strong>homi-</strong></span> 
     </span>
     <span class='ocr_line' id='line_1_75' title="bbox 91 1108 467 1129; baseline 0 -5"><span class='ocrx_word' id='word_1_458' title='bbox 91 1108 145 1124; x_wconf 38' lang='lat' dir='ltr'><strong>nibusi</strong></span> <span class='ocrx_word' id='word_1_459' title='bbox 160 1108 239 1127; x_wconf 75' lang='lat' dir='ltr'><strong>Secundo,</strong></span> <span class='ocrx_word' id='word_1_460' title='bbox 255 1111 303 1129; x_wconf 87' lang='lat' dir='ltr'><strong>prout</strong></span> <span class='ocrx_word' id='word_1_461' title='bbox 316 1111 353 1124; x_wconf 69' lang='lat' dir='ltr'><strong>actu</strong></span> <span class='ocrx_word' id='word_1_462' title='bbox 368 1111 396 1124; x_wconf 85' lang='lat' dir='ltr'><strong>aut</strong></span> <span class='ocrx_word' id='word_1_463' title='bbox 411 1109 467 1125; x_wconf 90' lang='lat' dir='ltr'><strong>habitu</strong></span> 
     </span>
     <span class='ocr_line' id='line_1_76' title="bbox 91 1133 467 1154; baseline 0 -5"><span class='ocrx_word' id='word_1_464' title='bbox 91 1133 140 1149; x_wconf 76' lang='lat' dir='ltr'><strong>Deum</strong></span> <span class='ocrx_word' id='word_1_465' title='bbox 151 1133 233 1154; x_wconf 81' lang='lat' dir='ltr'><strong>cognoscit</strong></span> <span class='ocrx_word' id='word_1_466' title='bbox 241 1135 257 1149; x_wconf 87' lang='lat' dir='ltr'><strong>et</strong></span> <span class='ocrx_word' id='word_1_467' title='bbox 264 1133 322 1154; x_wconf 81' lang='lat' dir='ltr'><strong>diligit,</strong></span> <span class='ocrx_word' id='word_1_468' title='bbox 329 1135 399 1149; x_wconf 81' lang='lat' dir='ltr'><strong>attamen</strong></span> <span class='ocrx_word' id='word_1_469' title='bbox 409 1133 467 1154; x_wconf 88' lang='lat' dir='ltr'><strong>imper-</strong></span> 
     </span>
     <span class='ocr_line' id='line_1_77' title="bbox 91 1157 467 1179; baseline 0.003 -6"><span class='ocrx_word' id='word_1_470' title='bbox 91 1157 132 1173; x_wconf 86' lang='lat' dir='ltr'><strong>fecte</strong></span> <span class='ocrx_word' id='word_1_471' title='bbox 143 1163 147 1174; x_wconf 90' lang='lat'><strong>:</strong></span> <span class='ocrx_word' id='word_1_472' title='bbox 158 1160 175 1173; x_wconf 83' lang='lat' dir='ltr'><strong>et</strong></span> <span class='ocrx_word' id='word_1_473' title='bbox 186 1158 218 1174; x_wconf 66' lang='lat' dir='ltr'><strong>hae</strong></span> <span class='ocrx_word' id='word_1_474' title='bbox 229 1160 253 1173; x_wconf 86' lang='lat' dir='ltr'><strong>est</strong></span> <span class='ocrx_word' id='word_1_475' title='bbox 264 1158 316 1178; x_wconf 76' lang='lat' dir='ltr'><strong>imago</strong></span> <span class='ocrx_word' id='word_1_476' title='bbox 328 1163 356 1179; x_wconf 87' lang='lat' dir='ltr'><strong>per</strong></span> <span class='ocrx_word' id='word_1_477' title='bbox 366 1158 467 1174; x_wconf 80' lang='lat' dir='ltr'><strong>conformite-</strong></span> 
     </span>
     <span class='ocr_line' id='line_1_78' title="bbox 92 1182 467 1203; baseline 0 -5"><span class='ocrx_word' id='word_1_478' title='bbox 92 1184 122 1198; x_wconf 74' lang='lat' dir='ltr'><strong>tem</strong></span> <span class='ocrx_word' id='word_1_479' title='bbox 134 1182 197 1203; x_wconf 64' lang='lat' dir='ltr'><strong>gratia,</strong></span> <span class='ocrx_word' id='word_1_480' title='bbox 208 1185 224 1198; x_wconf 87' lang='lat' dir='ltr'><strong>et</strong></span> <span class='ocrx_word' id='word_1_481' title='bbox 236 1183 277 1198; x_wconf 81' lang='lat' dir='ltr'><strong>inest</strong></span> <span class='ocrx_word' id='word_1_482' title='bbox 288 1183 340 1203; x_wconf 32' lang='lat' dir='ltr'><strong>justis*</strong></span> <span class='ocrx_word' id='word_1_483' title='bbox 351 1183 409 1202; x_wconf 78' lang='lat' dir='ltr'><strong>Tertio,</strong></span> <span class='ocrx_word' id='word_1_484' title='bbox 420 1185 467 1203; x_wconf 86' lang='lat' dir='ltr'><strong>prout</strong></span> 
     </span>
     <span class='ocr_line' id='line_1_79' title="bbox 91 1207 465 1228; baseline 0 -5"><span class='ocrx_word' id='word_1_485' title='bbox 91 1207 140 1223; x_wconf 85' lang='lat' dir='ltr'><strong>Deum</strong></span> <span class='ocrx_word' id='word_1_486' title='bbox 153 1209 191 1223; x_wconf 86' lang='lat' dir='ltr'><strong>actu</strong></span> <span class='ocrx_word' id='word_1_487' title='bbox 204 1207 284 1228; x_wconf 72' lang='lat' dir='ltr'><strong>cognoscit</strong></span> <span class='ocrx_word' id='word_1_488' title='bbox 296 1210 312 1223; x_wconf 87' lang='lat' dir='ltr'><strong>et</strong></span> <span class='ocrx_word' id='word_1_489' title='bbox 323 1210 366 1223; x_wconf 83' lang='lat' dir='ltr'><strong>amat</strong></span> <span class='ocrx_word' id='word_1_490' title='bbox 378 1207 449 1228; x_wconf 82' lang='lat' dir='ltr'><strong>perfecte</strong></span> <span class='ocrx_word' id='word_1_491' title='bbox 462 1212 465 1224; x_wconf 92' lang='lat'>:</span> 
     </span>
     <span class='ocr_line' id='line_1_80' title="bbox 91 1232 468 1252; baseline 0.003 -5"><span class='ocrx_word' id='word_1_492' title='bbox 91 1232 146 1252; x_wconf 76' lang='lat' dir='ltr'><strong>sicque</strong></span> <span class='ocrx_word' id='word_1_493' title='bbox 160 1232 213 1252; x_wconf 85' lang='lat' dir='ltr'><strong>imago</strong></span> <span class='ocrx_word' id='word_1_494' title='bbox 225 1232 312 1248; x_wconf 82' lang='lat' dir='ltr'><strong>attenditur</strong></span> <span class='ocrx_word' id='word_1_495' title='bbox 323 1232 411 1248; x_wconf 79' lang='lat' dir='ltr'><strong>secundum</strong></span> <span class='ocrx_word' id='word_1_496' title='bbox 424 1232 468 1248; x_wconf 85' lang='lat' dir='ltr'><strong>simi-</strong></span> 
     </span>
     <span class='ocr_line' id='line_1_81' title="bbox 91 1256 467 1277; baseline 0 -5"><span class='ocrx_word' id='word_1_497' title='bbox 91 1256 177 1272; x_wconf 86' lang='lat' dir='ltr'><strong>litudinem</strong></span> <span class='ocrx_word' id='word_1_498' title='bbox 192 1256 252 1277; x_wconf 73' lang='lat' dir='ltr'><strong>gloriae,</strong></span> <span class='ocrx_word' id='word_1_499' title='bbox 267 1259 283 1272; x_wconf 87' lang='lat' dir='ltr'><strong>et</strong></span> <span class='ocrx_word' id='word_1_500' title='bbox 299 1257 340 1273; x_wconf 85' lang='lat' dir='ltr'><strong>inest</strong></span> <span class='ocrx_word' id='word_1_501' title='bbox 355 1257 411 1272; x_wconf 84' lang='lat' dir='ltr'><strong>Beatis.</strong></span> <span class='ocrx_word' id='word_1_502' title='bbox 427 1256 467 1273; x_wconf 76' lang='lat' dir='ltr'><strong>Eine</strong></span> 
     </span>
     <span class='ocr_line' id='line_1_82' title="bbox 91 1281 468 1302; baseline 0 -5"><span class='ocrx_word' id='word_1_503' title='bbox 91 1281 145 1297; x_wconf 84' lang='lat' dir='ltr'><strong>Glossa</strong></span> <span class='ocrx_word' id='word_1_504' title='bbox 156 1286 207 1302; x_wconf 77' lang='lat' dir='ltr'><strong>super</strong></span> <span class='ocrx_word' id='word_1_505' title='bbox 217 1281 233 1297; x_wconf 91' lang='lat' dir='ltr'><strong>id</strong></span> <span class='ocrx_word' id='word_1_506' title='bbox 243 1281 306 1300; x_wconf 81' lang='lat' dir='ltr'><strong>Psalmi,</strong></span> <span class='ocrx_word' id='word_1_507' title='bbox 314 1281 397 1302; x_wconf 73' lang='lat' dir='ltr'><strong>Signatum</strong></span> <span class='ocrx_word' id='word_1_508' title='bbox 407 1284 431 1297; x_wconf 84' lang='lat' dir='ltr'><strong>est</strong></span> <span class='ocrx_word' id='word_1_509' title='bbox 442 1286 468 1297; x_wconf 85' lang='lat' dir='ltr'><strong>su—</strong></span> 
     </span>
     <span class='ocr_line' id='line_1_83' title="bbox 92 1306 467 1327; baseline 0 -5"><span class='ocrx_word' id='word_1_510' title='bbox 92 1311 119 1327; x_wconf 87' lang='lat' dir='ltr'><strong>per</strong></span> <span class='ocrx_word' id='word_1_511' title='bbox 130 1311 161 1322; x_wconf 77' lang='lat' dir='ltr'><strong>nos</strong></span> <span class='ocrx_word' id='word_1_512' title='bbox 172 1306 226 1322; x_wconf 90' lang='lat' dir='ltr'><strong>lumen</strong></span> <span class='ocrx_word' id='word_1_513' title='bbox 237 1306 292 1322; x_wconf 75' lang='lat' dir='ltr'><strong>vultus</strong></span> <span class='ocrx_word' id='word_1_514' title='bbox 304 1307 333 1325; x_wconf 92' lang='lat' dir='ltr'><strong>tui,</strong></span> <span class='ocrx_word' id='word_1_515' title='bbox 344 1307 424 1327; x_wconf 76' lang='lat' dir='ltr'><strong>triplicem</strong></span> <span class='ocrx_word' id='word_1_516' title='bbox 436 1307 467 1322; x_wconf 79' lang='lat' dir='ltr'><strong>dis-</strong></span> 
     </span>
     <span class='ocr_line' id='line_1_84' title="bbox 92 1331 467 1352; baseline 0.003 -6"><span class='ocrx_word' id='word_1_517' title='bbox 92 1331 150 1352; x_wconf 80' lang='lat' dir='ltr'><strong>tinguit</strong></span> <span class='ocrx_word' id='word_1_518' title='bbox 158 1331 248 1351; x_wconf 69' lang='lat' dir='ltr'><strong>imaginem.</strong></span> <span class='ocrx_word' id='word_1_519' title='bbox 252 1333 307 1352; x_wconf 78' lang='lat' dir='ltr'><strong>utpote</strong></span> <span class='ocrx_word' id='word_1_520' title='bbox 314 1331 403 1350; x_wconf 79' lang='lat' dir='ltr'><strong>creationis,</strong></span> <span class='ocrx_word' id='word_1_521' title='bbox 408 1336 467 1347; x_wconf 83' lang='lat' dir='ltr'><strong>recrea-</strong></span> 
     </span>
     <span class='ocr_line' id='line_1_85' title="bbox 153 1364 200 1378; baseline 0.021 -1"><span class='ocrx_word' id='word_1_522' title='bbox 153 1364 171 1378; x_wconf 75' lang='grc' dir='ltr'><strong>τ,</strong></span> <span class='ocrx_word' id='word_1_523' title='bbox 180 1365 200 1378; x_wconf 68' lang='grc' dir='ltr'><strong>ιο.</strong></span> 
     </span>
    </p>
   </div>
   <div class='ocr_carea' id='block_1_15' title="bbox 494 1084 869 1352">
    <p class='ocr_par' dir='ltr' id='par_1_18' title="bbox 494 1084 869 1352">
     <span class='ocr_line' id='line_1_86' title="bbox 495 1084 868 1105; baseline 0.005 -6"><span class='ocrx_word' id='word_1_524' title='bbox 495 1086 544 1099; x_wconf 82' lang='lat' dir='ltr'><strong>aetus.</strong></span> <span class='ocrx_word' id='word_1_525' title='bbox 555 1084 621 1100; x_wconf 81' lang='lat' dir='ltr'><strong>Ratione</strong></span> <span class='ocrx_word' id='word_1_526' title='bbox 632 1086 685 1100; x_wconf 85' lang='lat' dir='ltr'><strong>autem</strong></span> <span class='ocrx_word' id='word_1_527' title='bbox 697 1085 807 1105; x_wconf 74' lang='lat' dir='ltr'><strong>perpetuitatis</strong></span> <span class='ocrx_word' id='word_1_528' title='bbox 818 1085 868 1105; x_wconf 76' lang='lat' dir='ltr'><strong>magis</strong></span> 
     </span>
     <span class='ocr_line' id='line_1_87' title="bbox 496 1108 869 1130; baseline 0.003 -6"><span class='ocrx_word' id='word_1_529' title='bbox 496 1111 597 1129; x_wconf 66' lang='lat' dir='ltr'><strong>roprasentat</strong></span> <span class='ocrx_word' id='word_1_530' title='bbox 607 1108 700 1124; x_wconf 81' lang='lat' dir='ltr'><strong>Trinitatem</strong></span> <span class='ocrx_word' id='word_1_531' title='bbox 711 1109 774 1125; x_wconf 85' lang='lat' dir='ltr'><strong>habitus</strong></span> <span class='ocrx_word' id='word_1_532' title='bbox 783 1114 833 1130; x_wconf 80' lang='lat' dir='ltr'><strong>quam</strong></span> <span class='ocrx_word' id='word_1_533' title='bbox 843 1114 869 1126; x_wconf 84' lang='lat' dir='ltr'><strong>ac-</strong></span> 
     </span>
     <span class='ocr_line' id='line_1_88' title="bbox 495 1133 867 1155; baseline 0.005 -7"><span class='ocrx_word' id='word_1_534' title='bbox 495 1135 525 1151; x_wconf 86' lang='lat' dir='ltr'><strong>tus,</strong></span> <span class='ocrx_word' id='word_1_535' title='bbox 536 1133 610 1153; x_wconf 81' lang='lat' dir='ltr'><strong>quamvis</strong></span> <span class='ocrx_word' id='word_1_536' title='bbox 621 1138 652 1149; x_wconf 89' lang='lat' dir='ltr'><strong>non</strong></span> <span class='ocrx_word' id='word_1_537' title='bbox 666 1133 715 1154; x_wconf 83' lang='lat' dir='ltr'><strong>magis</strong></span> <span class='ocrx_word' id='word_1_538' title='bbox 726 1138 774 1154; x_wconf 85' lang='lat' dir='ltr'><strong>quam</strong></span> <span class='ocrx_word' id='word_1_539' title='bbox 787 1134 867 1155; x_wconf 70' lang='lat' dir='ltr'><strong>potentin.</strong></span> 
     </span>
     <span class='ocr_line' id='line_1_89' title="bbox 494 1157 869 1179; baseline 0.005 -6"><span class='ocrx_word' id='word_1_540' title='bbox 494 1157 561 1174; x_wconf 79' lang='lat' dir='ltr'><strong>Habitus</strong></span> <span class='ocrx_word' id='word_1_541' title='bbox 571 1158 613 1173; x_wconf 92' lang='lat' dir='ltr'><strong>enim</strong></span> <span class='ocrx_word' id='word_1_542' title='bbox 625 1162 656 1174; x_wconf 85' lang='lat' dir='ltr'><strong>non</strong></span> <span class='ocrx_word' id='word_1_543' title='bbox 667 1158 691 1174; x_wconf 76' lang='lat' dir='ltr'><strong>sic</strong></span> <span class='ocrx_word' id='word_1_544' title='bbox 701 1158 841 1179; x_wconf 82' lang='lat' dir='ltr'><strong>interrumpuntur</strong></span> <span class='ocrx_word' id='word_1_545' title='bbox 851 1161 869 1175; x_wconf 82' lang='lat' dir='ltr'><strong>ut</strong></span> 
     </span>
     <span class='ocr_line' id='line_1_90' title="bbox 495 1182 869 1204; baseline 0.003 -6"><span class='ocrx_word' id='word_1_546' title='bbox 495 1184 548 1202; x_wconf 69' lang='lat' dir='ltr'><strong>aetus,</strong></span> <span class='ocrx_word' id='word_1_547' title='bbox 560 1182 634 1203; x_wconf 66' lang='lat' dir='ltr'><strong>potentia</strong></span> <span class='ocrx_word' id='word_1_548' title='bbox 645 1187 709 1203; x_wconf 80' lang='lat' dir='ltr'><strong>quoque</strong></span> <span class='ocrx_word' id='word_1_549' title='bbox 721 1185 759 1199; x_wconf 74' lang='lat' dir='ltr'><strong>suat</strong></span> <span class='ocrx_word' id='word_1_550' title='bbox 771 1183 869 1204; x_wconf 85' lang='lat' dir='ltr'><strong>inseparabi-</strong></span> 
     </span>
     <span class='ocr_line' id='line_1_91' title="bbox 495 1207 868 1228; baseline 0.005 -6"><span class='ocrx_word' id='word_1_551' title='bbox 495 1207 542 1223; x_wconf 81' lang='lat' dir='ltr'><strong>lior-es</strong></span> <span class='ocrx_word' id='word_1_552' title='bbox 552 1207 572 1222; x_wconf 75' lang='lat' dir='ltr'><strong>ab</strong></span> <span class='ocrx_word' id='word_1_553' title='bbox 580 1207 634 1223; x_wconf 81' lang='lat' dir='ltr'><strong>anima</strong></span> <span class='ocrx_word' id='word_1_554' title='bbox 642 1212 690 1228; x_wconf 77' lang='lat' dir='ltr'><strong>quam</strong></span> <span class='ocrx_word' id='word_1_555' title='bbox 700 1207 770 1223; x_wconf 81' lang='lat' dir='ltr'><strong>habitus.</strong></span> <span class='ocrx_word' id='word_1_556' title='bbox 778 1207 808 1223; x_wconf 87' lang='lat' dir='ltr'><strong>Sed</strong></span> <span class='ocrx_word' id='word_1_557' title='bbox 816 1208 868 1228; x_wconf 82' lang='lat' dir='ltr'><strong>quoad</strong></span> 
     </span>
     <span class='ocr_line' id='line_1_92' title="bbox 495 1232 869 1253; baseline 0.003 -6"><span class='ocrx_word' id='word_1_558' title='bbox 495 1232 573 1247; x_wconf 87' lang='lat' dir='ltr'><strong>actualem</strong></span> <span class='ocrx_word' id='word_1_559' title='bbox 585 1232 695 1251; x_wconf 79' lang='lat' dir='ltr'><strong>imitationem,</strong></span> <span class='ocrx_word' id='word_1_560' title='bbox 704 1232 773 1248; x_wconf 79' lang='lat' dir='ltr'><strong>Trinitas</strong></span> <span class='ocrx_word' id='word_1_561' title='bbox 783 1233 834 1253; x_wconf 85' lang='lat' dir='ltr'><strong>magis</strong></span> <span class='ocrx_word' id='word_1_562' title='bbox 845 1237 869 1248; x_wconf 84' lang='lat' dir='ltr'><strong>re-</strong></span> 
     </span>
     <span class='ocr_line' id='line_1_93' title="bbox 496 1256 831 1277; baseline 0 -5"><span class='ocrx_word' id='word_1_563' title='bbox 496 1259 600 1277; x_wconf 72' lang='lat' dir='ltr'><strong>proesentatur</strong></span> <span class='ocrx_word' id='word_1_564' title='bbox 611 1261 639 1277; x_wconf 87' lang='lat' dir='ltr'><strong>per</strong></span> <span class='ocrx_word' id='word_1_565' title='bbox 650 1259 700 1272; x_wconf 84' lang='lat' dir='ltr'><strong>actus.</strong></span> <span class='ocrx_word' id='word_1_566' title='bbox 709 1256 744 1272; x_wconf 65' lang='lat' dir='ltr'><strong>linc</strong></span> <span class='ocrx_word' id='word_1_567' title='bbox 754 1257 831 1277; x_wconf 78' lang='lat' dir='ltr'><strong>AEgidius.</strong></span> 
     </span>
     <span class='ocr_line' id='line_1_94' title="bbox 514 1281 869 1302; baseline 0.003 -5"><span class='ocrx_word' id='word_1_568' title='bbox 514 1281 562 1297; x_wconf 84' lang='lat' dir='ltr'><strong>Porro</strong></span> <span class='ocrx_word' id='word_1_569' title='bbox 570 1281 657 1297; x_wconf 78' lang='lat' dir='ltr'><strong>Richardus</strong></span> <span class='ocrx_word' id='word_1_570' title='bbox 663 1286 666 1297; x_wconf 89' lang='lat'>:</span> <span class='ocrx_word' id='word_1_571' title='bbox 673 1281 730 1301; x_wconf 78' lang='lat' dir='ltr'><strong>Imago,</strong></span> <span class='ocrx_word' id='word_1_572' title='bbox 739 1281 797 1302; x_wconf 85' lang='lat' dir='ltr'><strong>inquit,</strong></span> <span class='ocrx_word' id='word_1_573' title='bbox 805 1286 869 1302; x_wconf 64' lang='lat' dir='ltr'><strong>exprem-</strong></span> 
     </span>
     <span class='ocr_line' id='line_1_95' title="bbox 495 1305 868 1327; baseline 0.003 -6"><span class='ocrx_word' id='word_1_574' title='bbox 495 1306 528 1322; x_wconf 86' lang='lat' dir='ltr'><strong>sius</strong></span> <span class='ocrx_word' id='word_1_575' title='bbox 541 1308 565 1321; x_wconf 75' lang='lat' dir='ltr'><strong>est</strong></span> <span class='ocrx_word' id='word_1_576' title='bbox 575 1306 592 1321; x_wconf 93' lang='lat' dir='ltr'><strong>in</strong></span> <span class='ocrx_word' id='word_1_577' title='bbox 604 1305 662 1324; x_wconf 82' lang='lat' dir='ltr'><strong>anima,</strong></span> <span class='ocrx_word' id='word_1_578' title='bbox 673 1306 736 1326; x_wconf 77' lang='lat' dir='ltr'><strong>qnando</strong></span> <span class='ocrx_word' id='word_1_579' title='bbox 749 1308 780 1322; x_wconf 85' lang='lat' dir='ltr'><strong>tres</strong></span> <span class='ocrx_word' id='word_1_580' title='bbox 793 1307 868 1327; x_wconf 64' lang='lat' dir='ltr'><strong>potentia</strong></span> 
     </span>
     <span class='ocr_line' id='line_1_96' title="bbox 495 1330 868 1352; baseline 0.005 -6"><span class='ocrx_word' id='word_1_581' title='bbox 495 1331 527 1347; x_wconf 64' lang='lat' dir='ltr'><strong>illas</strong></span> <span class='ocrx_word' id='word_1_582' title='bbox 536 1332 574 1346; x_wconf 80' lang='lat' dir='ltr'><strong>sunt</strong></span> <span class='ocrx_word' id='word_1_583' title='bbox 584 1331 600 1346; x_wconf 90' lang='lat' dir='ltr'><strong>in</strong></span> <span class='ocrx_word' id='word_1_584' title='bbox 610 1330 673 1346; x_wconf 82' lang='lat' dir='ltr'><strong>actibus</strong></span> <span class='ocrx_word' id='word_1_585' title='bbox 682 1330 715 1346; x_wconf 81' lang='lat' dir='ltr'><strong>suis</strong></span> <span class='ocrx_word' id='word_1_586' title='bbox 725 1335 754 1351; x_wconf 87' lang='lat' dir='ltr'><strong>per</strong></span> <span class='ocrx_word' id='word_1_587' title='bbox 763 1331 868 1352; x_wconf 82' lang='lat' dir='ltr'><strong>comparatio-</strong></span> 
     </span>
    </p>
   </div>
   <div class='ocr_carea' id='block_1_16' title="bbox 788 1365 804 1378">
    <p class='ocr_par' dir='ltr' id='par_1_19' title="bbox 788 1365 804 1378">
     <span class='ocr_line' id='line_1_97' title="bbox 788 1365 804 1378; baseline 0.063 -1"><span class='ocrx_word' id='word_1_588' title='bbox 788 1365 804 1378; x_wconf 86' lang='lat'><strong>17</strong></span> 
     </span>
    </p>
   </div>
   <div class='ocr_carea' id='block_1_17' title="bbox 838 122 905 144">
    <p class='ocr_par' dir='ltr' id='par_1_20' title="bbox 838 122 905 144">
     <span class='ocr_line' id='line_1_98' title="bbox 838 122 905 144; baseline 0 0"><span class='ocrx_word' id='word_1_589' title='bbox 838 128 868 144; x_wconf 74' lang='lat'><strong>25⁷</strong></span> <span class='ocrx_word' id='word_1_590' title='bbox 900 122 905 127; x_wconf 85' lang='lat'><strong><em>&#39;</em></strong></span> 
     </span>
    </p>
   </div>
  </div>
 </body>
</html>
