1088 1569
208 122 238 139 5³ss

379 128 395 139 m
405 128 460 140 tinnula
471 128 476 140 ι
486 128 607 140 ευπιΜιΑιιῐΙ,
618 133 638 135 -
649 128 688 140 mar.
699 128 730 144 xv;
741 128 797 142 otmar.
809 128 814 140 1

209 170 277 190 passiva,
286 170 309 186 ibi
317 172 341 186 est
350 171 466 187 subauctoritas
476 171 493 186 in
503 171 552 186 misso
560 175 584 186 re·
591 170 604 186 Α
611 170 681 191 primum
692 171 762 186 solutum
774 173 798 186 est
809 175 829 186 ex
840 175 859 186 eo
869 170 911 191 quod
924 169 985 186 dietum

208 197 264 215 spectu
276 195 345 216 alicujus
357 195 439 216 principii,
449 195 582 216 quemadmodum

208 220 296 235 seeundum
306 220 412 240 Augustinum
423 222 439 236 et
449 220 546 240 Magistrum,
554 220 582 235 ubi

208 244 260 260 activa
267 246 291 260 eat
298 245 358 264 missio,
368 245 390 260 ibi
398 245 490 266 designatur
497 245 583 261 auctoritas

208 269 269 285 ratione
281 274 352 290 personis
362 270 445 285 mittentis.
454 270 483 286 Sed
494 270 510 285 iu
522 269 581 290 Spiritu

208 294 266 310 Sancto
276 299 307 310 non
317 297 340 310 est
350 294 467 310 subauetoritas
476 297 549 315 respectu
557 295 582 310 sui

208 319 259 339 ipsius
272 324 275 334 :
287 324 324 340 ergo
336 324 367 335 non
381 319 429 335 mittit
441 324 463 335 se.
477 319 496 335 Et
508 319 550 335 idem
563 319 582 335 de

207 343 252 360 Filio.
260 353 281 355 —
288 343 353 363 Rursus,
362 344 404 360 inter
416 344 505 360 mittentem
517 346 533 359 et
546 344 582 360 mis-

208 373 243 384 sum
254 368 317 384 videtur
328 369 375 384 realis
385 369 472 385 distinctio.

228 393 257 409 Pro
265 393 321 409 harum
329 394 408 409 solutione
416 394 536 413 advertendum,
545 393 583 414 quia

208 420 226 433 ιιι
237 420 297 434 tactum
311 420 340 437 est,
353 418 408 434 missio
420 418 452 434 duo
466 419 547 439 importat,
558 418 582 434 vi-

208 443 265 458 delieet
277 443 393 459 emanationem
405 445 420 458 et
431 443 581 461 manifestationem,

610 197 634 211 est
646 195 781 216 quemadmodum
791 195 829 211 <lare
839 195 926 216 dupliciter
936 195 986 210 aurni-

610 220 716 236 tur.—Porro
723 220 742 235 ad
750 220 837 236 seeundum
846 219 985 240 dieendurn,quod

610 245 684 265 quamvis
695 246 727 260 tam
738 244 801 260 mittere
812 249 860 265 quam
871 244 912 260 mitti
925 244 986 265 impor-

611 271 644 285 tant
658 270 781 288 emanationem,
793 271 810 285 ιιι
824 274 844 285 ex
858 269 937 290 prmtactis
951 269 985 290 jam

610 299 665 310 eorum
677 294 804 315 expositionibus
814 296 881 313 constat,
890 299 921 310 non
931 296 984 310 tamen

610 319 690 335 emanatio
697 319 730 335 base
739 319 834 339 importatur
841 323 904 339 semper
911 321 985 339 respectu

611 348 682 364 personna
693 343 777 362 mittentis,
788 343 826 364 quia
837 343 857 359 sb
868 343 921 364 aliquo
933 345 987 364 potest

610 373 644 384 esse
655 368 762 384 manifestatio
771 373 847 389 personis,
857 373 867 383 a
876 372 908 388 quo
918 372 950 384 non
961 370 986 383 est

610 393 688 409 emanatio
695 393 734 413 ejus.
738 393 826 413 Propterea,
830 393 901 413 quamvis
909 393 925 408 in
933 397 986 413 perso-

611 423 631 433 ns
638 418 686 433 misas
693 418 714 433 sit
721 417 841 436 subauctoritaa
847 422 878 433 nnn
887 419 938 433 tamen
945 422 987 433 sem-

611 447 639 463 per
647 444 720 463 respectu
730 443 813 461 mittentis,
822 444 840 458 ut
850 447 900 463 quum
909 442 959 458 mittit
968 447 986 458 se

208 467 320 488 principaliter
327 469 379 483 tamen
387 468 538 486 manifestationem,
545 468 582 488 quia
592 467 603 483 B
611 467 671 488 ipsam3
679 467 706 483 sed
715 469 788 488 respectu
796 472 867 488 personne
876 467 985 488 producentis,

208 491 295 508 seeundum
305 492 411 512 Augustinum
421 494 479 513 quarto
488 492 507 508 de
515 492 583 508 Trinita-

208 519 229 535 te,
242 516 290 536 mitti,
303 519 326 533 est
341 517 414 537 cognosci
430 521 464 533 esse
478 517 498 533 ab
513 517 550 533 alio.
564 517 583 532 Et

208 541 284 562 quoniam
300 541 411 562 principaliter
425 542 500 562 importat
514 541 582 557 monife<

208 566 298 584 stationem,
306 568 322 582 et
333 568 408 582 connotat
419 566 435 582 in
447 566 495 582 misso
506 567 583 582 emanati-

207 595 260 609 onem,
271 590 307 607 ideo
318 591 426 606 manifestatio
438 591 538 611 significatur
550 593 582 607 tam

208 620 236 635 por
247 615 310 631 mittere
320 620 368 636 quam
381 620 410 636 per
420 615 462 631 mitti
475 615 581 631 uniformiter,

207 639 273 660 Propter
282 640 325 660 quod
335 644 391 656 sensus
401 642 425 656 est
433 645 437 656 1
445 640 490 656 Pater
500 640 549 656 mittit
558 640 583 656 Fi-

208 664 254 683 lium,
265 664 281 680 id
293 666 322 683 ost,
335 664 426 680 manifestat
438 664 496 680 Filium
508 669 582 681 emanare

207 694 217 705 ι
225 694 247 705 se.
256 689 276 705 Ει
284 694 335 709 quum
345 689 409 708 dieitur,
418 689 466 705 Filius
476 694 504 705 eeu
514 689 583 710 Spiritus

207 714 274 730 Sanetus
287 714 360 733 mittitur,
372 719 428 730 sensus
440 716 463 730 est
476 719 480 730 z
493 714 542 730 Filius
555 719 583 731 seu

208 739 276 759 Spiritus
283 738 350 754 Sanctus
358 739 469 755 manifestatur
476 739 496 755 ab
504 739 535 755 alio
542 744 584 755 ema-

610 497 619 507 a
631 496 663 512 qua
678 492 754 512 procedit.
767 501 787 503 —
799 492 821 507 Ad
837 492 902 508 tertium
917 492 986 507 habetur

610 517 668 533 solutio
675 521 694 532 ex
703 517 801 537 praeinducta
809 517 902 537 acceptione
909 516 987 537 multipli-

610 542 624 557 ci
636 541 716 557 missionis
727 546 731 557 z
742 541 780 562 quia
792 541 872 557 interdum
884 541 956 562 designat
968 541 985 557 in

610 566 683 582 mittente
694 566 823 586 superioritatem
833 568 881 586 atque
892 566 985 587 imperium,

610 593 627 606 ut
639 596 690 611 quum
702 591 743 606 Deus
754 590 813 606 dieitur
825 590 889 606 mittere
900 591 985 611 angelum;

610 616 690 631 interdum
705 615 756 631 solum
771 615 888 634 auctoritatem,
903 617 920 631 ut
934 620 986 636 quum

610 640 654 656 Pater
665 640 724 655 dieitur
735 640 798 656 mittere
809 639 910 660 Unigenitum
921 645 970 656 suurn
981 645 985 656 1

610 667 626 680 et
636 667 674 680 tune
684 667 728 680 notat
738 664 838 685 personalem
848 664 872 680 vel
884 664 942 680 realem
954 665 987 681 dis-

611 690 710 706 tinctionem.
718 690 815 710 Quandoque
823 690 898 710 importat
907 689 987 706 distineti-

610 719 657 731 onem
671 714 760 730 seeundum
775 714 853 730 rationem
868 714 955 733 dumtaxat,
969 717 988 730 ut

610 744 661 760 quum
670 739 730 755 dicitur
738 744 742 754 1
750 739 826 754 Voluntas
837 741 889 754 movet
900 743 917 754 se
927 738 986 759 ipsam.

208 768 251 779 nare.
260 763 279 779 Et
287 763 362 784 quoniam
370 764 449 779 ablativus
457 766 529 784 respectu
538 764 583 780 verbi
592 763 603 779 C
610 764 668 785 Sicque
675 763 745 784 Spiritus
752 764 819 779 Sanctus
827 768 844 779 se
852 763 902 779 mittit
910 768 913 779 :
922 763 962 784 quia
970 764 986 779 in

209 788 273 809 passivi,
281 790 297 804 et
307 788 415 804 nominativus
425 791 497 809 respectu
505 789 550 805 verbi
558 794 583 805 ao-

208 812 243 832 tivi,
256 813 331 833 importat
346 813 423 829 rationem
439 813 520 834 principii,
535 816 583 834 atque

208 837 305 858 significatio
318 837 375 853 luorum
388 837 479 856 verborum,
492 838 555 854 mittere
567 841 583 854 et

208 862 256 881 mitti,
264 864 288 877 est
299 862 406 878 manifestatio
417 864 433 878 et
444 862 524 879 emanatio
532 867 536 879 t
545 863 583 879 ltine

208 886 236 902 illa
251 886 339 907 propositio
353 888 377 902 est
391 887 508 907 propriissime,
521 887 537 903 iu
551 892 583 908 qua

208 911 287 927 ablativus
297 911 322 927 vel
334 911 442 927 nominativus
454 912 528 932 importat
539 912 584 928 liabi-

208 936 280 951 tudinem
288 936 364 956 principii
373 938 446 956 respectu
456 936 545 957 utriusque,
553 937 584 953 sic>

208 963 227 976 ut
238 965 288 981 quum
301 960 365 979 dicitur,
376 960 422 976 Pater
434 961 483 976 mittit
493 961 557 980 Filium,
568 964 583 977 et

208 985 258 1001 Filius
270 985 339 1001 mittitur
350 990 360 1001 s
371 985 416 1001 Patre
428 990 432 1001 1
444 985 519 1006 quoniam
534 986 583 1002 Filius

208 1011 272 1025 emanat
283 1014 293 1025 a
305 1009 350 1025 Patre
361 1011 377 1025 et
387 1009 499 1026 manifestatur
510 1015 520 1026 s
532 1010 582 1026 Patre.

208 1034 247 1053 Quia
258 1038 296 1050 vero
308 1034 397 1055 principale
407 1034 516 1055 significatum
526 1035 583 1052 verbo-

611 791 689 809 quantum
704 789 750 807 Deus,
763 788 822 808 mittit3
835 788 851 804 in
866 790 944 809 quantum
959 789 987 804 do-

611 818 655 832 num,
664 813 738 829 mittitur.
747 822 767 824 —
774 813 810 829 Hau:
820 813 935 829 Bonaventura.

630 838 703 859 Amplius
713 838 786 856 Thomas,
795 839 874 858 qnantum
884 838 903 853 ad
915 837 987 858 primum

611 863 673 882 ltorum,
685 862 753 883 qualiter
763 862 824 878 scilieet
835 862 890 878 missio
901 862 922 878 sit
934 862 950 878 in
963 862 988 878 di-

611 887 658 906 vinis,
670 889 747 903 consonat
758 887 867 907 proeinduetis,
880 887 922 903 inter
933 889 988 903 cetera

611 912 678 933 loquens
687 916 691 927 :
699 911 751 927 Missio
759 916 777 927 ex
785 916 814 927 sua
822 911 940 932 significatione
948 912 988 927 dieit

611 937 671 953 exitum
683 931 780 957 alicujus'ut
790 936 840 955 missi,
848 936 869 952 sb
880 936 935 957 aliquo
946 936 989 952 sieut

611 967 620 977 a
632 961 711 980 mittente,
719 963 767 982 atque
779 961 798 977 sd
809 961 880 981 aliquem
893 961 987 977 terminum,

610 986 663 1002 Missio
670 988 723 1002 autem
732 986 748 1001 in
756 986 820 1004 divinis,
827 986 870 1001 omni
879 986 988 1006 imperfectio-

611 1016 631 1027 ne
642 1011 712 1029 exclusa,
721 1010 815 1031 intelligitur
824 1011 912 1026 secundum
925 1011 987 1026 exitum

611 1036 677 1056 originis
685 1035 705 1051 ab
713 1035 767 1056 aliquo
775 1037 792 1051 ut
799 1040 808 1051 a
816 1035 901 1056 principio.
909 1037 925 1051 et
932 1040 989 1051 secun-

209 1064 244 1074 rum
253 1059 319 1075 istorum
328 1061 352 1075 eet
359 1059 472 1078 manifestatio,
481 1064 512 1076 non
520 1065 584 1076 einana·
591 1060 603 1076 D
611 1060 649 1076 dum
661 1060 747 1076 novitatem
758 1059 869 1075 advenientem
880 1060 895 1075 ei
907 1060 926 1075 ad
938 1065 987 1080 quein

208 1084 231 1099 tio
236 1088 239 1099 ι
245 1083 279 1100 ideo
287 1084 348 1104 quando
355 1084 435 1100 ablativus
443 1087 469 1100 aut
476 1084 583 1101 nominativus

209 1110 233 1124 est
246 1108 344 1129 principium
359 1109 498 1128 manifestationis,
510 1110 584 1130 quamvis

209 1137 240 1148 nou
253 1133 364 1152 emanationis,
377 1134 465 1154 propositio
477 1134 542 1154 propria
554 1136 583 1153 est,

209 1157 262 1173 minus
275 1159 327 1173 tamen
340 1162 388 1178 quam
401 1158 482 1179 praedietai
494 1159 554 1175 idcireo
567 1159 583 1174 in

209 1182 238 1198 hoe
246 1186 294 1197 sensu
304 1182 413 1198 conceduntur
421 1183 455 1199 istie
463 1188 467 1199 ῑ
475 1183 525 1199 Filius
534 1184 583 1199 mittit

208 1212 233 1227 se;
241 1207 311 1227 Spiritus
320 1206 387 1223 Sanctus
395 1207 444 1223 mittit
451 1212 472 1223 se.
480 1207 537 1223 Verum
546 1208 584 1228 quis

209 1234 241 1247 tam
251 1231 315 1247 mittere
326 1236 374 1252 quam
386 1232 433 1251 mitti,
444 1232 531 1253 important
541 1237 584 1248 ema-

209 1256 289 1272 nationem
297 1256 340 1272 eirea
348 1256 420 1275 missum,
427 1259 442 1272 et
449 1256 495 1272 Pater
502 1261 533 1273 non
541 1262 584 1273 ema-

209 1283 236 1296 nat
246 1281 266 1296 ab
277 1280 331 1301 aliquo
343 1285 394 1301 neque
406 1281 480 1300 Trinitas,
489 1281 526 1297 hinc
538 1281 584 1298 Pater

209 1310 241 1322 non
253 1305 311 1326 legitur
321 1305 379 1321 missus
391 1310 421 1321 nec
431 1305 505 1322 Trinitas.

228 1329 251 1345 Ex
263 1330 289 1345 liis
303 1331 347 1351 patet
358 1330 377 1345 ad
392 1330 455 1350 objecta
469 1330 533 1350 solutio,
545 1331 584 1351 quis

611 1084 631 1100 fit
638 1084 698 1103 missio,
707 1086 724 1100 ut
732 1089 799 1105 persons
807 1084 855 1099 missa
866 1088 907 1100 novo
915 1084 963 1100 modo
971 1084 987 1100 in

611 1113 630 1125 eo
637 1113 672 1124 esse
679 1109 747 1124 dicatur.
752 1108 792 1124 Hine
800 1109 855 1124 missio
862 1113 882 1124 ex
889 1113 918 1124 sua
926 1109 988 1125 ratione

611 1133 667 1150 differt
673 1138 683 1149 a
693 1133 794 1154 processione
803 1135 819 1149 et
829 1133 898 1149 datione.
907 1133 989 1149 Processio

611 1162 680 1178 namque
688 1158 704 1173 in
712 1160 786 1178 quantum
795 1158 877 1178 proemio,
882 1158 921 1174 dicit
929 1158 988 1174 realem

611 1183 736 1201 distinctionem,
745 1182 777 1198 imo
787 1184 803 1198 et
813 1184 903 1203 respectum
913 1183 932 1198 ad
944 1183 988 1204 prin-

611 1207 672 1228 cipium
680 1212 689 1223 a
697 1212 729 1228 quo
738 1207 814 1228 procedit,
823 1209 838 1223 et
849 1211 880 1223 non
888 1207 907 1223 ad
916 1207 987 1228 aliquem

611 1232 703 1248 terminum.
710 1232 766 1247 Datum
774 1234 827 1247 autem
835 1236 866 1248 non
875 1232 951 1252 importat
958 1232 989 1247 dis-

611 1257 705 1273 tinctionem
716 1256 748 1272 dati
759 1261 768 1272 a
780 1256 860 1277 principio
870 1261 879 1272 ι
889 1261 922 1277 qno
934 1257 987 1275 datur,

611 1281 687 1302 quonism
698 1281 739 1296 idem
751 1283 802 1301 potest
812 1281 850 1296 dare
860 1285 877 1296 se
889 1281 952 1301 ipsum;
960 1281 988 1297 sed

611 1308 673 1322 tantum
683 1305 703 1321 ab
711 1310 729 1321 eo
739 1306 765 1321 eui
774 1305 827 1321 daturi
835 1305 888 1322 Missio
896 1308 950 1321 autem
960 1311 989 1326 po-

611 1330 635 1346 nit
646 1330 765 1347 distinctionem
778 1330 794 1346 in
807 1330 857 1346 misso
868 1332 884 1346 et
895 1330 915 1346 sd
926 1330 987 1351 prinei-
