1088 1569
201 129 231 145 ⁴70
369 134 384 145 ut
395 134 449 145 amnuit
461 134 464 145 ι
476 133 597 145 εειπειπιᾼιιυιι.
608 138 628 140 -
638 133 677 144 ιιιετ,
689 133 715 149 x13
726 133 783 147 ousss'ri
795 132 812 144 ιιι

202 177 291 193 communis
305 177 360 192 divina
375 176 446 197 potentia
458 181 486 192 seu
501 175 575 191 essentia.
583 175 596 190 A
603 184 623 187 -
630 175 711 194 Proetcrea,
720 175 733 191 si
744 177 825 196 quaeratur
835 180 855 191 au
867 175 938 196 potentia
946 174 981 195 api-

201 202 245 217 Unde
256 201 326 222 potentia
336 201 413 222 spirativa
420 201 460 217 dicit
468 200 553 216 essentiam
561 202 577 216 et

201 226 283 242 notionem
292 231 295 242 τ
304 228 320 242 et
330 226 352 242 ita
362 226 402 241 dicit
412 226 470 246 partim
482 225 519 246 quid
531 225 577 241 abso-

201 251 259 270 lutum,
272 253 288 266 ct
304 251 361 271 partim
374 250 412 271 quid
427 250 534 271 respectivum
549 251 577 265 aut

202 276 292 294 relativum,
305 277 322 291 ιιι
337 275 397 291 dictum
410 277 434 291 est
448 280 496 295 supra
508 275 577 295 septima

201 300 309 319 distinetione,
316 300 335 316 de
344 300 414 321 putentia
421 299 517 320 generativa.
522 299 577 317 Quem·

201 325 287 341 admodum
298 325 341 340 enim
354 324 425 345 potentia
434 324 526 345 generativa
538 323 577 339 dicit

201 349 239 368 duo,
247 349 321 365 videlicet
331 349 418 370 potentiam
426 353 462 369 quas
471 351 495 364 est
502 349 577 364 essentia-

202 374 227 393 lis,
235 376 251 390 et
258 376 311 390 actum
320 374 347 394 qui
355 375 380 389 est
389 373 480 392 notionalis,
489 373 531 388 unde
538 373 577 389 dicit

202 399 240 419 quid
248 398 331 414 essentiale
339 400 407 414 tractum
415 398 434 413 ad
442 397 576 418 significationem

203 423 315 444 personalem;
330 423 352 438 ita
364 422 435 443 putentia
447 422 528 442 spirativa.
541 422 577 438 Haec

202 447 262 463 Petrus.
274 456 294 459 —-
306 447 418 463 Verumtamen
433 447 453 462 de
465 447 494 462 hoc
508 446 578 462 arbitror

203 497 311 512 distinctione.

223 521 268 537 Circa
278 521 311 537 haec
321 521 343 537 ait
353 521 440 537 Richardus
449 526 453 536 z
461 520 530 541 Spiritus
539 520 578 536 San-

203 548 238 562 ctus
245 546 317 566 procedit
326 550 335 561 a
345 545 390 561 Patre
399 547 415 561 et
423 545 462 561 Filio
472 545 489 561 in
499 547 578 566 quantum

203 571 257 591 plures
269 572 306 586 sunt
317 570 333 586 in
346 570 424 591 personis,
432 572 448 586 et
459 574 508 585 unum
521 569 537 585 iu
551 574 578 590 po-

203 596 252 611 tentia
264 595 340 616 spir-stiva
352 599 356 610 t
368 595 406 615 quia
419 595 490 615 potentia
501 594 578 615 spirativa

203 622 281 641 quantum
296 620 315 635 ad
331 619 395 635 modum
412 619 474 635 essendi
491 619 578 635 necessari⁴

203 649 230 660 um
241 644 261 660 ad
272 644 301 660 hoc
313 646 331 659 ut
343 649 372 664 per
384 648 419 659 earn
430 644 451 659 sit
461 645 506 659 actus
517 643 579 664 spiren>

203 669 225 688 di,
233 669 253 684 de
263 669 357 684 necessitate
367 669 477 689 praesupponit
485 668 536 689 quoad
547 672 579 683 rno-

202 694 241 709 dum
256 693 361 713 intelligendi,
374 693 495 713 conceptionem
508 692 555 708 Verbi
569 697 578 708 a

202 718 253 734 Patre.
266 718 306 734 Hine
318 718 354 733 talis
367 717 448 733 distinctio
460 717 480 733 do
494 717 579 733 necessita-

203 745 218 758 te
230 742 317 763 requiritur
327 742 347 757 ad
359 744 413 757 actum
425 742 503 762 spirandi.
512 741 578 760 llursus,

604 200 654 216 rativa
665 200 707 216 dicat
716 201 758 220 quid
767 200 792 216 vel
802 201 824 215 ad
834 200 906 220 aliquid,
914 204 981 220 respon-

604 225 673 240 dendum
688 225 731 245 quud
747 225 789 240 sicut
803 224 874 245 potentia
887 224 982 245 generativa

604 249 643 265 dicit
650 249 720 265 divinam
729 251 802 265 naturam
810 254 847 265 curn
855 249 902 265 modo
910 249 981 265 habendi

604 279 638 290 eam
650 279 681 290 non
693 274 713 289 ab
725 274 762 292 alio,
770 276 786 290 et
798 274 820 290 ita
832 279 869 290 cum
882 274 982 294 proprietate

605 298 739 317 innascibilitatis,
748 299 763 314 in
772 303 804 319 qua
812 298 899 314 includitur
906 299 982 319 primitas

605 323 624 339 ad
634 325 687 339 actum
696 323 781 344 gignendi3
789 323 812 339 sic
823 323 893 344 potentia
903 323 982 344 spir-ativa

605 348 644 363 dicit
654 348 752 363 voluntatem
763 348 834 363 divinam
845 352 882 363 curn
894 348 941 364 modo
952 348 982 363 ha-

606 372 653 388 bendi
661 377 696 388 eam
704 377 735 388 non
743 372 764 388 ab
771 372 803 388 alio
810 377 839 393 per
846 372 956 393 spirationem,
965 375 982 388 et

606 397 627 412 ita
641 402 678 413 euin
694 397 754 413 ratione
770 397 903 418 inspirabilitatis.
917 397 932 413 in
947 402 983 418 qua

606 422 693 437 includitur
704 421 777 442 primitas
787 422 806 437 ad
816 424 869 437 actum
880 422 981 442 spirationis.

605 446 663 467 Sicque
673 446 744 466 potentia
753 446 830 466 spir-stiva
839 446 878 462 dicit
885 447 926 466 quid
933 449 949 462 et
958 447 983 461 ad

185 485 188 488 .
203 472 304 488 sentiendum
317 474 364 492 prout
375 476 424 492 supra
437 471 506 492 septima
520 471 576 491 scripsi
587 471 671 491 Baliqm'd
685 471 739 489 simul,
752 471 835 487 formalius
849 473 901 487 tamen
916 472 938 486 ud
949 472 983 486 ali-

605 495 696 516 qvamvis
702 495 783 511 formalius
791 495 873 511 nominare
880 496 942 511 videtur
949 500 984 511 mo-

605 520 644 536 dum
656 520 724 536 habendi
736 520 834 536 voluntatem
846 520 923 539 divinam,
931 525 982 541 quarn

606 545 657 565 ipsum
668 545 771 561 voluntatem.
783 545 819 561 floec
830 545 922 561 aichardus.

625 569 735 585 Bon-ventura
743 574 806 590 quoque
814 569 839 585 his
846 574 941 588 consonans,
947 570 970 585 ait
978 575 982 585 z

606 594 674 614 Spiritus
684 594 751 610 Sanctus
762 594 833 614 procedit
842 599 852 610 a
861 594 906 610 Patre
915 596 931 610 et
942 594 984 610 Filio

606 619 622 634 in
631 620 708 639 quantum
716 621 754 634 sunt
764 623 814 634 unum
823 619 838 634 in
850 618 948 634 fecunditate
955 624 983 635 vo-

606 643 677 658 luntatis.
686 643 719 658 Una
729 643 790 663 quippe
800 643 847 659 estin
857 643 902 659 Patre
909 643 983 664 Filioque

606 667 695 683 fecunditas
705 667 797 686 voluntatis,
806 668 847 684 sicut
857 670 873 683 et
883 672 915 683 una
925 668 983 684 volun-

606 694 635 711 tas,
651 697 701 712 quum
715 692 747 707 sint
762 697 794 708 una
808 692 902 708 substantia.
918 692 937 708 m
952 693 983 708 ista

606 716 695 732 fecunditas
707 716 782 732 convenit
794 717 817 732 cis
829 717 867 737 quia
878 719 946 737 uterque
958 719 983 733 est

606 741 743 762 improcessibilis.
755 741 872 757 innascibilitas
883 741 926 757 enirn
938 742 983 762 (qua

203 771 253 788 quum
266 766 334 788 Spiritus
347 766 414 782 Sanctus
427 766 502 787 pmcodat
513 771 522 782 a
534 766 578 782 Patre
587 767 598 783 C
607 765 648 781 idern
658 767 682 781 est
694 766 709 781 in
721 765 766 781 Patrc
777 766 819 786 quod
831 765 911 786 primitas)
921 768 938 781 et
949 766 982 787 pri-

203 794 219 807 et
227 791 266 807 Filio
273 796 305 807 una
315 791 408 812 spiratione,
416 793 431 807 et
442 796 490 807 uuam
500 791 579 812 operatio-

203 821 240 832 nem
248 821 282 832 erse
289 818 361 836 oporteat
369 816 389 831 ab
397 820 429 831 uua
437 816 511 836 potentia.
516 818 579 836 oportet

203 843 221 856 ut
233 841 249 856 in
260 840 304 856 Patre
315 842 331 856 et
341 840 381 856 Filio
393 840 414 856 ait
425 845 456 856 una
466 840 537 860 potentia
547 840 579 861 spi-

203 865 259 884 rativa,
270 870 299 886 per
310 870 358 886 quarn
372 865 404 880 sint
417 869 467 880 unum
480 865 577 885 principium

202 890 271 910 Spiritus
283 890 342 908 Sancti,
353 894 385 905 non
398 890 430 905 duo
443 889 527 910 principia.
538 889 578 905 Hinc

202 914 286 935 Gregorius
296 914 358 930 decimo
367 916 416 929 extra
426 914 446 929 do
455 914 520 929 Summa
529 914 579 929 Trini-

202 941 234 955 tate
242 941 258 955 et
267 939 299 955 fide
309 939 388 955 catholica
396 943 399 954 :
409 939 483 954 Fatemur
492 939 534 959 quod
544 938 579 959 Spi-

203 964 243 979 ritus
251 964 318 980 Sanctus
325 964 422 979 ieter-naliter
429 968 448 979 ex
457 963 501 979 Patre
509 965 525 979 et
532 963 577 982 Filio,

203 993 234 1005 nou
246 991 322 1009 tanquam
337 993 356 1004 ex
370 988 432 1004 duobus
448 988 537 1008 principiis,
550 988 577 1004 sed

202 1015 278 1034 tanquam
291 1017 311 1028 ex
324 1017 355 1029 uno
370 1012 456 1033 principio,
469 1017 500 1028 non
515 1012 577 1028 duabus

202 1037 323 1058 spirationibus,
331 1037 358 1053 sed
366 1037 414 1053 unica
421 1037 513 1058 spiratione,
524 1041 578 1058 proco-

606 795 650 806 muni
663 792 679 806 et
692 790 796 811 principium,
805 790 847 806 idern
859 792 905 808 sunt:
914 793 930 806 ut
942 791 983 807 ratio

607 815 692 836 primitatis
704 817 729 830 est
741 815 781 831 ratio
793 815 901 835 principiaudi
914 815 948 831 sive
960 815 984 831 fe-

606 839 698 855 cunditatis.
706 839 783 857 Quoniam
795 844 832 860 ergo
844 839 889 855 Pater
902 840 947 860 prior
958 842 982 855 ast

606 864 649 880 omni
662 864 768 883 emanatione,
779 864 840 880 scilicet
853 864 955 885 processione
967 866 983 880 et

605 889 713 909 generatione,
729 889 767 909 quia
783 893 815 904 non
829 891 915 909 generatur
930 893 982 910 neque

606 913 677 934 procedit
691 918 695 929 1
708 913 768 929 idcirco
783 915 851 934 utroque
863 914 910 929 ruodo
923 914 983 934 princi-

606 938 651 958 pium
659 940 686 953 est,
692 937 711 953 Et
718 938 794 958 quoniam
802 937 852 953 Filius
860 938 903 958 prior
911 940 935 954 ent
942 943 983 954 erna-

605 962 670 978 natione
684 962 797 983 processionis,
810 967 842 978 non
856 963 965 983 generationis
978 968 982 979 1

606 987 665 1002 idcirco
674 987 771 1007 principium
779 989 803 1002 est
811 987 888 1007 spirandi,
897 991 929 1003 nou
936 992 984 1007 gene-

606 1011 656 1027 randi*
665 1011 705 1030 Quia
717 1015 755 1027 vero
766 1011 835 1032 Spiritus
845 1011 913 1027 Sanctus
925 1014 983 1028 neutm

606 1036 652 1052 inodo
664 1041 681 1052 se
693 1035 746 1054 habet,
755 1037 812 1052 neutro
823 1036 871 1052 modo
883 1036 982 1057 principium

203 1062 231 1078 dit.
244 1062 292 1078 Porro
304 1062 331 1082 qui
344 1062 400 1077 dicunt
412 1062 454 1082 quod
468 1061 513 1077 Pater
525 1064 578 1082 posset
586 1062 598 1078 D
605 1063 634 1077 est.
643 1061 682 1077 Hinc
691 1061 765 1081 quamvis
775 1060 844 1081 Spiritus
852 1061 920 1077 Sanctus
927 1066 936 1077 a
944 1061 983 1077 duo-

203 1087 264 1107 apirare
276 1087 350 1107 quamvis
362 1091 393 1102 nou
405 1088 494 1106 generaret,
504 1086 577 1107 quamvis

203 1111 291 1127 concedant
300 1111 342 1131 quod
352 1110 422 1131 Spiritus
432 1110 498 1126 Sanctus
507 1111 578 1131 procedit

203 1141 212 1152 a
221 1136 266 1152 Patre
277 1137 292 1151 et
303 1135 347 1154 Filio,
356 1135 384 1156 qui
397 1135 451 1156 plures
464 1138 501 1151 suut
513 1136 529 1151 in
542 1140 578 1156 per-

203 1165 247 1179 sona,
256 1163 272 1176 et
284 1165 334 1176 unum
347 1160 362 1175 in
377 1160 448 1181 potentia
459 1160 545 1180 rpirativa3
555 1162 578 1176 at-

203 1188 255 1201 tamen
265 1186 324 1205 negant
333 1185 375 1205 quod
386 1184 455 1205 Spiritus
465 1184 532 1200 Sanctus
542 1189 578 1205 pro-

202 1209 245 1226 cedit
255 1214 265 1225 ιι
277 1209 321 1225 Putre
336 1211 351 1225 et
364 1209 404 1225 Filio
419 1209 435 1224 in
447 1211 525 1229 quantum
541 1211 577 1225 aunt

203 1234 257 1255 plures
264 1234 280 1249 in
289 1234 366 1254 personis,
375 1234 414 1249 etin
422 1233 499 1254 spirativa
507 1234 578 1254 potentia

203 1263 258 1274 unurn.
267 1258 346 1279 Quidquid
359 1263 396 1274 vero
408 1258 429 1273 sit
441 1258 460 1274 de
473 1258 508 1277 hoc,
517 1260 578 1274 constat

202 1283 244 1303 quod
253 1282 335 1299 lormalius
342 1283 367 1303 (ut
374 1283 397 1298 sic
405 1283 468 1303 loquar)
476 1283 551 1303 procedat
557 1282 577 1298 ab

202 1308 225 1323 eis
238 1309 255 1323 ut
268 1309 305 1323 sunt
318 1312 368 1323 unuru
380 1307 396 1323 iu
409 1307 480 1328 potentia
494 1307 576 1327 spirativn,

202 1336 251 1352 quam
259 1332 275 1347 in
283 1333 360 1352 quantum
369 1334 406 1347 sunt
415 1332 470 1352 plures
477 1332 493 1347 in
502 1336 575 1352 persona.

606 1086 635 1101 bus
647 1086 726 1106 procedat,
735 1085 773 1106 quia
783 1088 836 1101 tamen
848 1086 919 1106 procedit
928 1086 950 1101 ab
960 1086 983 1102 eis

606 1115 637 1126 non
648 1112 665 1126 ut
674 1112 712 1126 aunt
723 1110 821 1129 differentes,
829 1110 857 1126 sed
869 1112 886 1126 ut
897 1110 914 1126 iu
925 1110 949 1126 eis
959 1113 983 1126 est

606 1140 638 1150 una
647 1135 736 1151 fecunditas
746 1135 837 1153 voluntatis,
847 1135 918 1155 procedit
928 1135 949 1151 ab
959 1136 982 1151 eis

606 1162 623 1175 ut
631 1164 680 1175 unum
688 1161 731 1175 sunt.
740 1159 785 1175 Pater
792 1164 862 1180 namque
869 1162 884 1175 et
892 1159 942 1175 Filius
949 1164 982 1176 non

605 1184 667 1204 spirant
680 1184 695 1199 in
708 1186 787 1204 quantum
800 1183 845 1199 Pater
857 1186 873 1199 et
886 1184 942 1203 Filius,
955 1185 981 1200 sed

605 1208 692 1224 secundum
705 1208 748 1229 quod
759 1208 846 1224 voluntati·
858 1208 948 1224 fecunditas
958 1211 982 1224 est

605 1233 621 1248 in
634 1233 662 1248 eis.
671 1242 690 1244 —
700 1233 751 1251 Quuni
761 1237 799 1253 ergo
809 1233 897 1253 inquiritur
906 1237 910 1248 ε
920 1233 933 1248 si
945 1238 981 1254 pm-

605 1257 647 1273 cedit
658 1257 678 1273 ab
689 1257 712 1273 eis
723 1257 739 1272 in
750 1259 828 1277 quantum
840 1261 890 1272 uuum
902 1259 946 1276 aunt,
955 1260 982 1273 aut

604 1287 642 1302 ergo
650 1282 665 1297 in
674 1284 752 1302 quantum
760 1287 810 1297 unum
817 1283 854 1297 suut
862 1282 878 1297 in
886 1281 981 1301 substantia,

604 1309 631 1322 aut
639 1307 655 1322 in
663 1307 733 1325 notione,
742 1309 769 1322 aut
778 1307 795 1322 in
805 1311 873 1327 persona
882 1311 885 1322 τ
894 1306 981 1322 dicendum

604 1331 646 1352 quod
657 1331 673 1347 in
683 1333 761 1351 quantum
772 1335 822 1346 unuin
832 1333 869 1346 sunt
880 1331 896 1346 in
907 1330 981 1347 fecundi-
