1088 1569
199 125 228 142 ¹66

370 130 385 141 nt
395 130 451 142 Lmnun
462 130 467 142 Ι
478 130 599 142 ειΝτιΝ-ΠΑΙΙΠΙ.
610 134 630 137 -
640 130 679 141 πιετ,
691 130 713 146 ιι;
723 130 781 144 cumr.
793 130 804 142 n

198 173 266 188 veniunt
272 172 304 189 Deo
312 173 328 189 in
336 173 389 193 primo
396 173 449 193 signo3
455 172 573 188 denominativa
580 172 593 188 Α
600 177 656 188 verum
669 172 690 188 ab
702 172 777 191 invicem,
788 175 804 188 et
816 173 887 193 ipsorum
899 177 908 188 a
920 172 977 188 divina

198 202 236 213 vero
248 202 284 218 qua)
298 199 336 213 sunt
349 197 453 216 attributalia,
466 197 481 212 in
496 197 571 213 seeundo,

198 221 238 240 Ouia
248 227 285 238 vero
296 222 316 238 de
327 222 362 243 ipso
373 222 414 238 nihil
427 226 455 243 per
465 222 539 238 accidens
550 221 573 237 di-

198 247 245 265 citur,
260 251 308 267 quum
323 247 353 263 hoo
368 249 413 262 sonat
428 246 573 267 imperfectionem,

199 271 235 287 ideo
245 271 267 287 ibi
278 276 309 287 non
320 272 367 287 datur
377 271 441 287 tertium
452 271 521 292 signum.
529 271 574 286 Unde

199 296 286 312 seeundum
303 296 346 315 istos,
362 296 440 312 differunt
456 296 544 312 formalitas
558 297 574 311 et

198 320 295 336 attributalis
306 321 383 341 perfectio
391 325 395 336 z
403 321 441 341 quia
453 320 541 336 formalitas
550 322 574 336 est

199 345 275 366 perseius
288 345 335 366 primi
348 345 400 365 modi;
412 345 509 361 attributalis
520 347 573 360 autern

199 370 282 390 perfectio,
291 370 367 391 perseitas
377 370 443 386 secundi
455 370 503 385 modi.

219 395 242 410 Ad
254 394 354 415 propositum
366 395 415 415 igitur
425 394 540 412 descendendo,
551 394 575 409 di-

199 424 218 435 eo
229 419 271 440 qued
283 419 382 440 quadruplex
394 421 417 435 est
428 419 480 435 unitas
489 424 492 434 :
501 419 574 439 quiedam

199 444 319 464 aggregationis,
333 444 405 464 quadam
418 444 490 464 originis,
501 444 573 464 quiedam

600 197 673 213 essentia.
687 197 790 213 Attrihutales
804 200 857 213 autem
870 197 977 218 perfectiones

600 226 631 238 non
642 224 680 237 sunt
690 222 780 238 relationes.
789 231 809 234 —
817 222 888 242 Denique
897 222 942 242 signo
952 221 978 237 di-

600 247 654 262 vinam
667 246 751 262 essentiam
764 247 793 262 sub
806 247 871 267 propria
884 247 949 265 ratione,
959 248 978 262 et

601 271 695 292 sapientiam
705 271 736 287 sub
747 272 811 292 propria
821 272 891 291 ratione⁴,
901 273 917 287 et
927 276 978 292 arguo

601 296 624 312 tic
633 301 636 312 :
645 296 672 312 Vel
683 296 738 312 divina
747 296 815 312 essentia
824 298 848 312 est
859 296 942 316 mpientia,
950 296 976 311 vel

602 325 639 339 non,
655 321 759 341 intelligendo
773 325 837 341 semper
851 320 934 341 quodlibet
947 320 977 336 lto-

602 350 637 361 rum
648 345 678 361 sub
690 345 755 366 propri·
766 345 831 361 ratione.
842 345 858 361 Si
869 345 898 363 sic,
909 345 978 361 habetur

602 370 707 390 propositum,
715 370 758 390 quod
770 370 831 386 scilicet
842 370 884 385 inter
894 370 922 385 illa
933 369 978 385 nulla

602 396 626 410 est
634 394 705 410 formalis
712 395 803 415 distinctio;
811 394 823 410 si
832 399 869 413 non,
878 399 915 414 ergo
922 394 978 410 divina

602 419 670 435 essentia
682 424 713 435 non
726 421 750 435 est
762 419 874 435 universaliter
888 419 959 439 perfecta
972 423 976 434 :

602 448 651 464 quum
660 448 694 459 esse
701 444 790 464 sapientem
798 444 819 459 sit
826 443 934 459 denominatio
942 448 978 464 por-

199 468 324 489 eompositionis,
333 468 405 489 quasdam
417 468 523 484 indivisionis.
532 468 574 483 lnter
584 469 595 485 Β
602 468 675 484 fectionis
687 468 788 489 simpliciter,
799 473 837 489 ergo
848 468 860 484 si
872 473 903 484 non
914 473 978 489 compe-

199 493 299 509 attributales
307 497 344 513 ergo
354 493 459 514 perfectiones
470 497 501 508 non
509 495 533 508 est
540 492 575 508 uni-

199 520 223 534 tas
234 518 355 539 aggregationis,
365 518 403 538 quia
415 519 452 533 sunt
464 522 495 533 una
508 519 573 537 naturu;

199 547 229 558 nec
237 543 289 558 unitas
296 542 368 563 originis,
377 542 453 563 quoniam
465 547 496 558 una
506 546 537 558 non
545 542 575 557 ori-

198 567 263 588 ginatur
274 572 294 583 ex
308 567 350 586 alia;
363 572 392 583 nac
406 567 459 582 unitas
473 566 575 587 compositio-

199 592 230 611 nis,
238 597 288 612 quum
299 597 330 607 una
340 592 361 607 sit
371 592 435 607 realiter
442 591 481 611 alia3
489 591 517 607 sed
528 591 574 607 realis

199 616 251 632 unitas
264 616 370 635 indivisionis,
382 616 419 632 lieet
432 616 492 632 nullam
506 616 575 631 habeant

199 641 276 657 unitatem
289 641 305 656 in
318 641 406 657 rationibus
418 641 452 656 suis
464 640 559 656 formalibus
570 644 573 655 ε

190 668 296 686 ·quapropter
304 668 386 681 remanent
394 665 482 681 formaliter
490 665 575 681 condistin·

199 692 233 706 cta.
242 690 285 709 Quod
294 690 316 706 ita
324 690 400 710 probatur
409 694 412 705 ι
421 689 478 705 Omnes
487 690 575 710 productio—

199 719 228 730 nes
241 714 307 730 ulterius
321 714 386 730 rationis
401 714 490 730 necessario
505 719 575 735 praesup-

200 741 262 760 ponunt
276 739 356 760 principia
370 739 464 759 productiva
476 739 574 754 diversarum

602 494 621 509 tit
629 493 718 509 formaliter
725 493 784 509 divinae
791 493 868 512 essentia,
874 497 905 509 non
913 495 937 509 est
944 493 979 508 uni-

602 518 685 534 versaliter
696 517 772 538 perfecta.
783 517 802 533 Et
812 518 929 534 confirmatur:
939 518 978 538 quia

602 543 715 563 quodcumque
726 547 757 558 non
769 544 793 558 est
803 542 823 558 de
834 542 896 558 formali
908 542 978 562 alicujus

603 567 668 585 ratione,
681 571 713 583 non
727 567 771 582 addit
784 567 803 582 nd
816 567 930 587 perfectionem
942 567 978 587 ejus

603 592 711 607 intrinsecam.
720 591 735 607 Si
743 596 781 612 ergo
790 591 845 607 divina
854 592 923 607 essentia
931 596 950 607 ex
961 596 978 607 se

603 621 634 632 uon
649 616 670 632 sit
683 616 767 637 sapientia,
780 621 809 632 nec
822 618 892 635 econtra,
905 616 978 637 sequitur

603 641 645 661 quod
655 641 734 661 sapientia
746 645 777 656 non
788 640 833 656 addit
843 640 862 656 ad
874 640 978 656 intrinsecam

603 665 675 681 essentioe
682 665 740 681 ‹livinae
751 665 874 685 perfectionem3
882 667 898 681 et
905 670 933 686 per
941 669 979 681 con-

603 695 672 710 sequens
685 690 719 710 ipsa
730 694 749 705 ex
761 694 778 705 se
789 694 819 705 nen
831 692 855 706 est
867 690 979 706 universaliter

604 714 675 735 perfecta
686 719 689 730 z
703 714 744 735 quod
757 714 844 730 absurdum
857 716 880 730 est
892 714 950 730 dicere.
958 723 979 726 -

604 739 675 760 insuper,
685 739 698 754 si
709 739 764 755 divina
775 739 848 757 essentia,
859 739 943 759 sapientia,
951 739 979 755 bo-

200 764 289 784 rationuin3
300 764 327 779 ned
339 763 420 784 generatio
432 765 448 779 et
460 763 527 784 spiratio
539 766 576 779 sunt
585 764 596 780 G
604 764 651 782 nitas,
661 763 726 782 veritas,
736 763 775 782 vita,
785 763 874 779 formaliter
884 765 937 779 essent
947 763 980 779 dis-

200 789 312 809 productiones
322 788 387 804 alterius
399 788 470 807 rationis,
481 793 531 808 quum
545 793 576 804 una

200 813 220 829 sit
233 818 261 834 per
274 813 337 828 modurn
351 812 446 831 intellectus,
458 812 490 828 alia
503 817 531 833 per
543 817 577 828 mo-

200 838 238 853 dum
251 837 337 853 voluntatis
350 842 354 853 :
368 841 405 857 ergo
420 837 510 853 intellectus
522 839 537 853 et
550 842 577 853 vo-

200 863 253 878 luntas
265 864 302 878 sunt
314 862 394 882 principia
407 862 530 882 productionum
543 862 576 877 illa-

201 892 242 906 rum,
253 891 273 903 ex
284 891 313 902 sua
325 888 382 902 natura
394 886 469 902 distincta
481 886 575 902 formaliter.

200 912 282 930 Prasterea,
290 911 332 927 inter
342 916 360 927 ea
371 911 390 927 de
401 911 461 932 quibus
472 911 577 927 verificantur

201 936 328 954 contradictoria,
337 937 361 951 est
368 935 458 952 necessario
465 936 540 956 aliqualis
547 936 578 951 dis-

201 961 263 979 tinctio,
273 963 289 976 et
301 965 332 976 non
346 960 398 979 realis,
408 965 446 981 ergo
459 960 536 976 formalis.
547 960 577 976 Sed

201 986 221 1001 de
229 985 310 1001 intellectu
318 987 333 1001 et
341 985 422 1001 voluntate
430 985 535 1001 verificantur
542 990 578 1001 con-

201 1010 293 1026 tradictoria
305 1010 335 1025 ista
347 1014 350 1025 ι
364 1014 398 1025 esse
411 1010 508 1030 principium
521 1010 578 1026 eliciti-

202 1039 240 1051 vum
249 1034 356 1055 generationis
366 1034 385 1050 ad
396 1034 443 1053 intra,
452 1034 493 1055 quod
503 1035 578 1050 convenit

604 789 659 807 tincta,
668 790 761 809 sequeretur
769 788 811 809 quod
819 789 874 804 divina
883 788 952 804 essentia
959 793 979 804 ex

604 818 621 829 se
629 818 660 829 non
668 815 709 829 esset
717 813 782 833 majoris
790 813 893 834 perfeetionis
901 813 980 829 intensive

604 843 652 858 quam
668 843 709 853 nnus
724 838 765 858 lapis
778 842 782 853 :
794 838 833 858 quia
845 838 899 854 divina
911 838 979 854 essentia

604 863 629 878 vel
642 867 661 878 ex
673 867 690 878 se
701 865 717 878 et
730 862 795 883 propria
807 862 868 878 ratione
881 862 943 878 formali
956 864 980 878 est

605 887 689 908 sapientia,
701 887 768 906 bonitas,
780 887 818 906 vita,
829 889 866 906 etc.,
877 887 902 903 vel
914 891 951 903 non.
963 887 979 903 Si

605 912 633 931 sic,
645 912 713 928 habetur
724 912 832 932 prupositum3
840 912 853 927 si
864 916 902 930 non,
913 916 950 932 ergo
960 916 979 927 ex

605 941 622 952 se
633 941 664 952 non
675 938 698 952 est
710 936 741 952 nisi
752 941 786 952 esst·
797 936 876 957 quoddam
890 941 921 952 non
934 936 980 952 intel-

605 961 673 977 lectuale
686 965 738 982 neque
750 961 803 977 vitale.
815 970 835 972 —
847 961 904 977 Dicunt
915 965 980 981 quoque

605 986 647 1006 quod
659 985 765 1006 perfectiones
777 985 877 1001 attributales
889 987 926 1001 sunt
936 990 981 1001 men-

606 1010 645 1026 tales
656 1012 743 1031 conceptus
755 1015 765 1026 e
775 1012 848 1026 creatur·
859 1010 891 1026 Deo
903 1010 979 1031 impositi,

605 1035 625 1051 de.
634 1039 692 1055 genere
702 1034 789 1055 qualitatis,
800 1035 876 1055 quoniam
887 1035 935 1051 nullas
945 1039 980 1055 per-

202 1059 300 1078 intellectuiz
310 1061 326 1075 et
336 1064 367 1075 non
378 1064 412 1075 esse
422 1059 520 1080 principium
531 1064 579 1080 gene-
586 1060 598 1076 D
606 1059 682 1075 sectiones
691 1061 728 1075 sunt
738 1059 754 1075 in
762 1059 817 1075 divina
824 1059 892 1075 essentia
901 1059 980 1075 distincta

202 1084 268 1100 rationis
276 1083 364 1099 elicitivum
372 1084 391 1099 ad
400 1083 447 1102 intra,
453 1084 495 1104 quod
503 1084 578 1100 convenit

202 1108 286 1127 voluntati,
294 1108 343 1124 etiam
354 1108 374 1123 ah
384 1110 444 1124 &temo
453 1108 497 1124 omni
507 1110 543 1124 actu
555 1113 579 1124 ra-

203 1133 250 1149 tionis
261 1133 329 1149 secluso.

222 1158 242 1173 At
254 1162 292 1173 vero
303 1157 374 1173 secunda
385 1157 441 1178 opinio
452 1157 495 1173 circa
507 1157 579 1173 difficul-

203 1184 251 1198 tatem
264 1182 310 1201 haue,
321 1184 345 1197 eat
357 1181 408 1202 ipsius
419 1182 476 1198 Oceani
486 1184 502 1197 et
512 1187 578 1198 suorum

203 1206 302 1227 sequacium,
312 1206 400 1222 dicentium
412 1207 454 1227 qued
467 1206 515 1223 uullie
527 1206 579 1227 perfe-

203 1231 264 1248 ctiones
274 1234 311 1247 sunt
321 1231 337 1247 in
348 1231 402 1247 divina
411 1231 485 1250 essentia,
493 1236 513 1247 ex
522 1233 579 1247 natura

204 1256 227 1272 rei
235 1256 324 1272 formaliter
331 1258 358 1271 aut
366 1256 430 1272 realiter
437 1256 535 1272 differentes.
544 1256 580 1272 0111>

204 1281 229 1297 nis
238 1281 282 1297 enim
292 1280 373 1296 distinctio
380 1285 399 1296 ex
410 1283 465 1296 natura
476 1281 504 1299 rei,
512 1282 536 1296 est
546 1285 580 1296 rea-

204 1306 224 1322 lis
234 1308 261 1322 aut
273 1305 344 1321 formalis
353 1310 357 1321 :
365 1305 393 1321 sed
404 1305 449 1321 nulla
458 1307 482 1321 est
493 1305 509 1321 in
519 1305 579 1321 divinis

204 1330 276 1346 formalis
287 1332 315 1346 aut
327 1330 374 1346 realis
385 1330 472 1349 distinctio,
483 1330 513 1345 nisi
527 1330 579 1346 relati-

606 1084 675 1100 realiter.

626 1108 704 1129 Amplius,
717 1108 801 1129 Gregorius
813 1109 833 1124 de
845 1108 923 1128 Arimino,
934 1109 981 1124 disci>

606 1133 654 1154 pulus
668 1133 730 1152 Oetam,
746 1133 820 1153 producit
835 1135 896 1154 septem
912 1133 980 1149 rationes

606 1160 661 1174 contra
673 1157 714 1173 Sceti
727 1157 825 1178 opinionem.
837 1157 889 1173 Prima
901 1160 925 1173 est
937 1158 979 1174 ista:

606 1182 655 1198 Sumo
660 1182 727 1203 (inquit)
733 1182 809 1198 Deitatem
818 1182 883 1203 praecise
891 1183 979 1198 secundum

606 1212 629 1226 se,
641 1207 702 1227 absque
714 1211 816 1227 quocumque
827 1207 859 1223 alio
871 1207 918 1223 modo
930 1207 950 1223 ab
961 1212 980 1223 en

607 1232 687 1250 distincto,
698 1234 713 1247 et
723 1236 778 1252 qumro
787 1236 807 1247 an
819 1232 854 1252 ipsa
865 1232 886 1247 sit
896 1232 979 1252 sapientia,

607 1261 626 1272 an
640 1260 677 1272 non⁴
688 1256 704 1272 Si
717 1256 746 1275 sic,
757 1261 795 1276 ergo
807 1256 851 1272 nulla
863 1258 886 1272 est
898 1256 981 1277 sapientire

606 1281 688 1296 distinctio
699 1280 771 1296 formalis
786 1281 801 1296 in
814 1280 845 1297 Deo
857 1286 867 1296 a
878 1281 942 1299 deitate,
955 1281 980 1297 vel

607 1306 623 1321 in
631 1305 663 1321 Deo
670 1308 708 1321 sunt
716 1305 770 1326 plures
778 1305 869 1326 sapientiam
877 1306 891 1321 si
898 1310 936 1324 non,
943 1310 980 1326 ergo

607 1335 657 1351 quum
665 1330 718 1346 Deitas
725 1330 746 1346 sit
753 1330 823 1350 sapiens,
828 1332 844 1346 et
852 1335 883 1346 non
891 1330 912 1346 sit
919 1330 981 1351 sapien-
