1088 1569
201 122 230 139 13²
370 128 386 140 nv
396 128 451 140 unnim
462 128 467 139 1
478 128 600 140 sam-muium.
612 133 632 135 —
642 128 681 140 nisr.
693 128 714 144 11;
725 128 782 142 oufls'r.
794 128 805 140 ιι

198 174 262 185 ornnem
272 174 319 186 suum
329 170 434 186 intellectum.
442 170 500 191 Sicque
510 170 572 186 diversa
579 170 593 186 Α
600 170 670 189 nionem,
678 170 719 186 sicut
728 171 761 191 ism
773 175 792 186 ex
802 170 855 186 verbis
865 170 929 186 Henrici
941 175 978 186 nar-

198 194 274 210 attributs
284 195 380 215 pertinentia
388 195 407 210 nd
418 195 517 211 intellectum
524 197 540 210 et
548 199 573 211 vo-

198 219 281 237 luntatem,
289 219 410 239 distinguuntur
417 224 446 240 per
454 222 544 240 respectum
553 220 572 235 ad

198 243 234 259 illas
243 244 357 262 emanationes,
368 244 384 259 in
395 246 473 265 quantum
483 244 572 260 secuudum

199 270 258 284 rectam
274 269 351 284 rationem
367 269 472 289 intelligendi,
488 269 573 285 mediatius

198 293 223 309 vel
232 293 340 309 immediatius
349 293 443 309 ordinantur
450 294 470 309 ad
478 294 505 309 illa
514 299 518 309 z
527 296 542 309 et
550 294 573 309 sic

199 320 241 334 recto
251 318 307 334 ordine
320 318 390 337 rationis,
400 323 410 334 a
420 318 458 334 reali
470 318 573 339 simplicitate

198 343 257 359 divinae
269 343 346 362 essentia,
359 343 447 359 secundum
460 343 537 359 rationem
550 343 574 359 in-

198 367 280 388 telligendi
289 368 340 384 divini
351 368 440 383 intellectus
448 370 476 383 aut
485 367 533 386 beati,
542 368 574 388 pri-

199 397 225 408 mo
236 392 349 413 concipiuntur
360 392 426 408 divmae
435 394 451 408 et
461 392 540 408 distinctas
552 397 574 408 ra-

198 417 249 432 tiones
264 416 378 433 attributorum
389 422 399 433 a
411 417 470 437 quibus
485 417 574 438 procedunt

199 441 263 457 realiter
277 441 356 457 distinctae
371 442 479 458 emsnationes
498 446 573 462 persons-

601 197 634 211 ruta
646 197 675 211 est.
689 195 739 211 Aliam
754 199 818 216 quoque
832 200 868 215 quae
881 197 905 211 est
920 195 978 211 Heni-i-

600 220 620 238 ci,
634 222 702 239 enarrat,
715 222 730 235 et
744 220 797 240 arguit
811 222 867 235 contra
881 224 922 238 earn,
936 220 977 240 quia

600 245 687 261 seeundum
695 249 730 260 eam
738 244 819 260 distinctio
830 244 946 265 perlectionum
954 247 977 260 at-

600 269 700 285 tributalium
708 271 732 285 est
740 269 862 285 tundamentum
871 271 943 290 respectu
952 270 978 285 di-

600 294 690 310 stinctionis
699 294 805 314 personalium
813 294 940 312 emanationum:
948 294 977 310 sed

600 319 682 334 distinctio
693 319 757 334 illarum
770 319 816 334 realis
827 321 856 337 est,
866 318 911 334 nulla
922 321 977 335 autem

601 343 682 359 distinctio
694 343 740 359 restis
752 343 834 364 praeexigit
846 343 935 359 necessario
945 344 980 359 dis‘

601 368 694 384 tinctionem
705 372 740 388 quse
751 369 812 383 tantum
822 370 846 383 est
856 368 927 386 rationis,
935 368 980 384 sicut

601 397 630 408 nec
641 392 701 413 aliquid
712 397 748 408 vere
761 392 803 408 reale
815 392 897 413 praeexigit
908 392 923 408 id
935 393 979 413 quod

601 419 624 433 est
635 421 679 432 mere
689 421 717 432 ens
728 417 794 432 rationis
803 421 806 432 :
816 421 853 437 ergo
864 417 945 433 distinctio
955 419 980 433 at-

602 441 698 457 tributorum
711 446 742 457 non
754 443 816 457 tantum
829 443 853 457 est
866 441 937 460 rationis,
950 442 979 457 sed

198 470 240 484 rum,
253 466 280 482 ubi
292 468 343 482 cessat
354 466 407 482 omnis
419 466 507 482 essentialis
521 471 574 486 respe-
583 466 656 486 leiquo
668 466 715 482 modo
727 470 747 481 ex
760 468 817 481 natura
832 466 860 481 rei.
873 466 979 486 Assumpturn

198 492 233 506 ctus
245 491 272 511 qui
287 493 311 506 est
326 491 342 506 in
354 491 422 508 divinis:
435 493 451 506 et
465 491 573 506 mediantibus

198 515 277 531 distinctis
288 520 391 536 personarum
400 515 529 531 emanationibus
540 520 574 536 pro-

198 540 240 555 cedit
252 545 261 556 a
273 540 327 556 divina
340 540 408 556 essentia
424 540 518 556 universitas
531 545 575 556 crea-

199 567 276 584 turnum,
287 565 306 580 nd
319 569 358 585 quas
370 565 479 580 emsnstionee
491 564 523 580 illm
533 565 575 580 acci-

198 589 277 605 dentalem
286 589 345 605 liabent
353 592 443 610 respectum
450 594 453 605 :
460 591 478 605 ut
485 589 573 605 secundum

199 614 228 630 hue
240 614 323 634 gradatim,
336 614 424 630 secundnm
438 614 514 630 rstionem
528 614 575 629 intel-

199 638 264 659 ligendi,
275 643 285 654 a
298 639 349 659 prima
363 639 429 657 unitate,
439 643 475 659 quas
488 640 512 654 est
526 639 541 654 in
555 638 575 654 ti-

199 667 219 678 ne
226 663 334 683 simplicitatis
341 663 400 679 virtute
409 664 463 679 omnia
471 663 574 682 continentis,

200 688 275 708 procedat
286 687 339 704 omnis
351 692 427 703 numerus
439 690 454 704 et
468 688 547 704 rationum
559 690 575 703 et

200 716 253 728 rerum
262 712 364 728 relativarum
374 712 390 728 in
401 712 437 731 Deo,
447 717 499 728 rerum
510 717 575 733 quoque

199 736 309 752 absolutarum
320 736 336 752 in
349 737 432 752 creaturis.
443 746 462 748 —
474 737 508 753 Erec
521 737 575 753 omnia

200 760 283 777 Henricus.

219 810 265 826 Nunc
275 810 355 826 recitanda
364 812 388 826 est
397 810 452 831 opinio
461 811 509 829 Seoti,
519 811 547 831 qui
559 811 575 826 in

200 835 230 851 bue
242 840 259 851 re
270 835 364 851 contradicit
375 837 407 851 tam
421 836 523 856 praeinductae
534 836 576 856 posi-

200 860 239 876 tioni
249 859 318 879 Henrici,
326 862 342 875 et
351 860 399 875 etiam
408 860 476 878 Thomna,
485 860 551 879 Alberti,
560 862 575 876 et

199 885 266 900 aliorum
278 884 311 905 jam
322 884 429 905 praefatorum,
440 889 488 905 quoin
500 885 574 905 positioni

199 909 220 925 ab
230 909 297 925 ilenrico
309 909 378 925 recitstae
387 914 405 925 sc
416 909 509 929 reprobatas.
521 909 575 930 ltaque

200 934 255 950 Suetus
264 934 287 950 ait
295 938 298 949 :
307 934 324 949 In
336 934 365 949 ista
375 933 463 954 quastione
472 936 509 949 sunt
521 934 575 950 mutim

200 958 289 979 opiniones,
300 963 340 979 quas
351 963 382 974 nou
394 958 459 974 intendo
469 963 525 974 omnes
536 958 576 974 reci-

200 985 239 999 tare.
252 983 282 998 Sed
294 983 329 999 duae
341 985 378 998 sunt
391 984 462 998 tenentes
475 985 536 1003 partem
549 988 576 999 ne-

199 1008 275 1028 gativam,
286 1007 361 1023 videlieet
372 1007 414 1028 quod
425 1012 461 1023 eum
473 1007 576 1028 simplicitate

200 1032 255 1048 divina
262 1036 294 1048 non
302 1034 332 1048 stet
339 1032 421 1048 distinctio
429 1031 545 1052 pei-lectionum
554 1037 576 1048 ss-

602 490 652 511 probo
661 495 664 506 :
673 491 711 511 quia
722 495 750 506 ens
762 490 809 509 reule,
820 490 862 511 quod
874 490 981 511 distinguitur

601 517 656 531 eontra
664 520 692 531 ens
700 515 799 534 rationis‚est
807 515 822 531 id
829 515 872 536 quod
878 520 897 531 ex
905 520 922 531 se
931 515 981 531 habet

601 545 640 558 esse,
645 540 767 560 circumscripto
775 540 819 556 omni
825 544 874 560 opere
883 540 980 556 intellectus.

601 564 680 585 Quidquid
693 567 746 580 autem
759 564 838 585 dependet
849 564 869 580 ab
882 566 919 580 ente
932 565 981 580 ratio-

602 589 627 604 nis
634 589 658 604 vel
670 589 752 609 prmexigit
762 589 806 607 illud,
816 593 847 604 non
858 591 910 609 potest
920 589 981 605 habere

602 618 649 629 suum
657 618 691 629 esse
699 613 821 634 circumscripto
828 613 872 629 omni
879 618 928 634 opere
936 613 981 629 intel-

603 638 652 653 lectus
659 642 706 658 :ergo
713 638 735 653 nil
744 638 775 653 tale
782 640 806 653 est
814 642 842 653 ens
851 638 980 657 reale.ltem,ens

603 662 669 678 rationis
677 664 700 678 est
709 663 788 683 posterius
796 664 833 678 ente
842 662 880 678 reali
889 667 892 678 :
901 667 938 683 ergo
946 667 979 679 non

602 689 626 703 est
634 687 756 703 fundamentum
765 689 780 702 et
788 687 832 707 origo
841 687 889 703 illius.
898 696 918 698 —
925 687 941 703 Si
951 692 981 703 au—

603 714 635 727 tum
643 711 705 727 dicatur
712 712 754 732 quod
762 711 838 727 attributa
846 716 877 727 non
886 712 918 727 sint
924 711 981 728 tunda-

603 739 655 752 menta
663 737 779 752 emanationum
786 736 897 752 distinctarum
904 737 924 752 ad
932 737 980 755 iutra,

584 761 595 777 C
603 761 630 776 sed
638 761 680 781 quod
688 761 721 777 sola
729 761 798 776 essentia
805 761 860 776 divina
869 766 906 776 eum
916 761 981 777 relatio-

603 785 651 801 nibus
662 785 748 806 principiet
758 790 790 804 eas,
799 787 814 801 et
825 788 876 801 tamen
888 786 980 802 intellectus

604 812 654 831 potest
662 812 716 830 postes
724 810 824 826 considet-ure
832 810 883 831 ipsam
892 811 978 826 essentiam

604 837 620 850 ut
633 840 669 850 cum
683 834 787 850 relationibus
800 835 887 855 principist
898 835 940 851 bane
953 836 978 851 vel

604 860 647 875 illam
661 859 784 878 emanationem,
797 861 811 875 et
826 862 864 875 tunc
877 860 979 876 considerare

604 884 680 900 rstionem
692 886 753 900 natum
764 886 780 899 et
790 884 887 904 voluntatis3
899 887 914 900 et
925 886 978 900 tamen

603 913 634 924 non
643 909 735 929 praecedunt
743 908 765 924 ibi
773 913 792 924 ex
802 910 858 924 natura
868 909 896 924 rei.
907 909 965 925 Contra
974 914 978 925 z

603 933 620 949 in
628 933 656 949 illo
664 933 728 948 instanti
736 933 803 953 originis
812 933 828 948 in
836 937 868 954 quo
876 933 925 949 Filius
932 938 979 953 gene-

604 959 653 976 ratur,
661 962 716 978 quiere
725 962 745 973 an
756 957 855 978 principium
866 958 979 978 productivum

603 982 638 1003 ejus
650 982 681 998 alie
692 982 738 998 modo
749 987 766 998 se
778 982 826 998 babet
835 983 855 998 ad
866 982 919 1003 ipsum
930 987 979 1003 quam

604 1007 702 1028 principium
715 1007 827 1028 productivum
842 1007 911 1028 Spiritus
925 1007 979 1023 Sancti

603 1036 620 1047 se
633 1032 680 1048 babet
690 1032 709 1047 ad
721 1032 780 1052 ipsum,
788 1036 808 1048 an
819 1036 850 1048 non
860 1036 863 1047 :
872 1032 885 1047 si
895 1036 933 1051 non,
942 1037 980 1053 ergo

200 1056 298 1075 sentialium,
310 1056 371 1072 scilicet
385 1056 504 1075 attributorum,
517 1061 576 1077 praece-
585 1058 596 1073 ῐ)
604 1057 652 1072 Filius
662 1061 694 1072 non
704 1057 754 1077 magis
762 1059 786 1072 cst
793 1056 842 1072 Filius
853 1061 882 1072 nec
892 1057 944 1077 imago
952 1057 981 1073 Pa-

200 1081 239 1097 dens
253 1081 308 1102 aliquo
323 1081 370 1096 modo
381 1085 445 1096 ornnem
459 1083 512 1096 aetum
528 1081 575 1097 intel-

200 1106 256 1122 lectus.
274 1105 311 1124 Ouae
328 1107 381 1121 tamen
399 1105 483 1126 opiniones
500 1106 541 1121 inter
559 1111 576 1122 se

200 1130 316 1147 eontradicunt.
331 1130 400 1151 Utraque
415 1130 465 1150 ponit,
480 1130 523 1151 quod
538 1135 575 1146 cum

200 1155 303 1176 simplicitate
312 1155 339 1170 Dei
352 1159 384 1171 non
396 1157 426 1170 stat
438 1154 519 1170 distinctio
531 1155 576 1170 atti-i*

200 1180 275 1196 hutorum
286 1180 345 1200 aliqua,
356 1179 386 1195 nisi
398 1181 459 1195 tanturn
471 1179 536 1195 ratione.
545 1179 574 1195 Sed

200 1204 252 1225 prima
258 1204 306 1225 pouit,
313 1204 356 1224 quod
362 1208 392 1219 nec
398 1203 425 1219 ills
432 1205 483 1224 potest
489 1204 544 1219 heberi
553 1204 576 1219 ni-

199 1229 212 1245 si
221 1234 249 1250 per
255 1231 308 1244 actum
317 1228 406 1244 intellectus
414 1228 518 1248 intelligentis
523 1228 573 1244 Deum

200 1257 228 1274 per
236 1255 326 1273 respectum
335 1252 355 1268 ad
365 1255 414 1268 extra.
423 1252 495 1268 Secundo
506 1252 576 1272 (scilicet

200 1277 271 1297 Henrici)
276 1277 321 1298 ponit
327 1277 374 1293 istam
382 1277 501 1293 distinctionem
510 1277 576 1293 rationis

201 1307 247 1323 posse
257 1302 313 1318 haberi
324 1301 385 1323 absque
398 1304 470 1322 respectu
481 1302 501 1317 ad
512 1304 561 1317 extra.

221 1327 280 1342 Deinde
288 1327 344 1343 Suetus
354 1326 422 1347 primam
431 1326 475 1342 illam
484 1328 538 1342 narrat
545 1326 578 1347 opi-

604 1081 632 1096 tris
640 1085 659 1096 ox
667 1081 683 1097 vi
692 1081 801 1101 productionis
808 1086 846 1100 sum,
854 1086 901 1101 quum
910 1081 980 1102 Spiritus

603 1105 680 1125 Sanctus;
691 1105 703 1121 si
715 1106 744 1124 sic,
754 1110 791 1126 ergo
802 1106 818 1121 in
829 1106 861 1121 illis
870 1106 920 1126 signis
931 1106 980 1126 origi-

604 1130 634 1149 nis,
647 1132 684 1145 ante
698 1134 762 1145 omnem
777 1132 830 1146 actum
845 1130 936 1146 intellectus
950 1131 979 1146 ha-

604 1154 649 1170 betur
661 1154 714 1175 aliqua
726 1159 757 1170 non
770 1155 844 1170 identitas
856 1154 934 1171 tonnalis.
946 1155 979 1171 Nee

604 1179 647 1195 vales
659 1179 746 1195 attribuere
759 1179 805 1195 istam
820 1179 939 1195 distinctionem
954 1184 979 1195 re-

604 1203 695 1222 lationibus,
708 1204 784 1224 quoniam
797 1204 849 1220 omnis
865 1204 920 1220 relatio
932 1209 978 1225 nque

604 1228 698 1244 nsturaliter
711 1228 774 1249 respicit
787 1233 834 1244 suum
848 1229 960 1245 eorrelativum
973 1234 977 1245 :

604 1257 642 1273 ergo
658 1253 726 1268 essentia
742 1255 759 1268 ut
774 1253 804 1269 sul>
821 1253 883 1269 ratione
898 1253 977 1274 spirativi,

604 1282 650 1298 mque
660 1277 754 1293 naturaliter
763 1278 829 1298 respicit
837 1278 921 1298 spiratum,
929 1283 978 1299 quam

605 1301 636 1317 sub
645 1302 705 1318 ratione
712 1302 800 1322 gener-tivi
811 1302 877 1323 respicit
885 1305 978 1323 generatum

607 1326 633 1342 vel
643 1326 721 1347 genitum.
732 1326 766 1342 Non
777 1331 814 1347 ergo
824 1329 877 1348 posset
887 1327 909 1343 ibi
920 1327 979 1343 salvari
