1088 1569
139 450 178 461 lacot.
184 450 205 463 ut

137 1141 204 1156 sai-‚mn

212 130 243 146 550

380 136 395 147 ιΝ
406 136 461 148 unhul
472 136 477 148 1
487 136 608 148 nummulum.
619 141 639 143 —
650 136 689 148 ms'r.
700 136 731 152 xv;
742 136 799 150 uuae?-
810 136 828 148 nt

213 178 257 193 venit
268 178 318 194 Filius
330 181 346 194 et
358 179 412 195 docuit
424 178 479 197 iidem,
488 180 542 199 postea
555 178 607 199 ple-A
615 179 638 194 ait
649 178 755 199 Philosophus
767 184 770 194 :
782 181 798 194 et
809 179 862 199 quoad
874 179 909 197 hoc,
922 178 991 194 mittitur

213 203 250 218 nius
259 203 314 219 docuit
323 203 392 224 Spiritus
402 203 475 222 Sanctus,
483 203 588 223 accenditque

212 227 232 242 ad
244 232 320 243 amorem.
331 227 371 243 Hinc
382 228 470 243 secundum
482 228 587 243 intentionem

212 251 312 271 Sanctorum,
324 257 353 268 nec
366 252 415 268 Filius
428 257 457 268 nec
469 252 538 273 Spiritus
550 252 588 268 San-

212 278 247 292 ctus
255 277 324 293 mittitur
332 277 362 293 nisi
373 277 389 293 in
398 277 449 297 gratia
458 279 521 297 gratum
529 277 588 293 lacien-

213 303 232 316 te
238 301 272 317 Non
280 302 323 324 epirn
331 302 400 322 Spiritus
407 302 474 317 Sanctus
482 302 542 317 donum
550 302 588 317 dici·

213 328 239 341 tur
246 326 288 346 quod
296 326 327 342 sibi
336 326 404 342 invicem
413 327 451 342 dant
458 326 503 342 Pater
510 329 526 342 et
532 326 587 345 Filius,

212 351 240 366 sed
251 351 290 371 quia
302 351 348 367 nobis
359 351 397 367 dant
407 356 450 367 eum.
461 351 511 367 Filius
524 356 587 371 quoque

213 375 272 391 dicitur
279 375 330 394 datus,
339 380 370 391 non
378 376 416 396 quia
426 376 447 391 sit
454 376 513 391 donum
522 375 587 396 aliquod

212 402 283 415 creatum
291 400 334 420 quod
341 400 376 416 sine
384 400 508 421 ipsojisbeatur,
514 400 541 416 sed
550 400 588 420 quia

213 424 247 444 ipse
255 424 302 440 datur
310 425 326 440 in
334 425 376 443 dato,
384 425 426 440 sicut
435 424 494 440 (licitur
501 430 510 440 a
516 424 574 440 Iacobo
583 429 586 440 :

213 448 229 464 Si
240 449 276 469 quis
287 449 347 470 indiget
357 449 441 469 sapientia,
450 449 519 470 postulet
530 454 539 465 a
550 449 586 468 Deo,

615 203 684 224 Spiritus
699 203 771 219 Sanctus*
784 204 806 219 Ad
822 203 922 224 prophetiam
935 203 990 221 etiam,

616 230 694 248 quantum
706 228 726 244 sd
738 228 859 248 congruitatem,
873 228 960 248 requiritur
972 227 992 243 il-

616 252 700 269 lnminatio
709 255 725 268 et
736 252 825 273 aptisicatio
835 252 892 268 mentis
903 257 932 273 per
940 252 991 268 virtu-

616 279 644 296 tes,
653 282 685 298 qua
693 277 712 293 lit
719 278 767 298 digna
777 277 894 293 illuminatione
902 277 962 293 divina.
970 286 991 288 —

616 302 687 323 Denique
698 302 789 318 distributio
800 302 872 318 omniurn
882 301 991 322 spiritualium

615 326 729 342 charismatum
746 331 774 342 seu
792 327 870 342 donorum
886 326 956 347 pertinet
970 326 991 342 au

615 351 693 372 Spiritum
701 351 782 370 Sanctum,
790 353 868 372 quantum
876 351 895 367 ad
904 351 948 366 illam
957 355 992 371 pro-

616 376 699 396 prietatem
711 376 779 397 Spiritus
793 376 835 396 quod
847 376 881 391 unit
893 378 941 396 atque
951 376 992 392 vivi-

615 400 654 416 ficat
666 401 750 421 mysticum
763 405 821 421 corpus
832 405 835 416 ι
846 401 885 421 quia
897 401 913 416 in
926 401 956 416 hac
969 405 992 416 ra-

615 425 658 441 tione
668 425 737 446 Spiritus
749 425 816 441 Sanctus
828 425 884 441 uniens
896 425 990 444 Ecclesiam,

615 450 672 465 dividit
684 450 726 466 dona
738 452 784 470 prout
795 450 835 468 vult,
843 450 885 465 sicut
896 452 912 465 et
924 450 991 471 spiritus
1007 455 1068 466 lemn..

212 476 229 489 et
236 474 300 489 dabitur
307 474 328 490 ei.
336 474 376 490 Hinc
384 474 467 490 missiones
475 474 509 490 istae
517 478 548 490 non
556 474 587 489 dis-
596 474 608 490 B
615 476 669 490 noster
676 474 732 490 dividit
740 474 808 495 singulis
818 474 894 490 memhris
902 475 991 495 proportio·
1000 472 1016 482 ¹¹·

212 498 308 519 tinguuntur
318 499 334 514 in
344 498 383 517 line,
392 499 419 514 sed
430 499 446 514 in
457 499 530 519 proximo
536 500 572 514 actu
582 503 586 514 2

212 523 288 544 quoniam
303 523 352 539 Filius
367 528 396 544 per
410 523 555 544 appropriationem
569 523 587 539 il<

211 548 279 564 luminat
291 548 396 567 intellectum,
409 550 425 564 et
438 548 507 568 Spiritus
520 548 586 564 Sanctus

210 572 283 588 accendit
296 572 379 589 aflectum.
392 572 440 589 Porro
453 572 491 588 linis
506 572 587 589 missionis

210 599 234 613 est
241 597 348 613 sanctificatio
355 600 403 618 atque
412 597 483 613 reductio
491 602 494 613 :
504 598 546 618 quod
554 602 586 613 non

210 624 234 638 est
244 626 285 642 opus
295 622 363 643 Spiritus
374 622 427 638 Sancti
439 624 506 641 tantum,
515 622 553 642 quia
564 626 587 637 re-

210 646 264 662 ductio
272 647 340 662 includit
347 646 377 662 vim
388 647 501 665 ostensionem,
509 649 525 662 et
534 647 586 667 quoad

210 671 246 690 hoc,
261 673 285 687 est
299 671 348 691 Filii·,
363 671 497 692 adeptionemque
512 671 555 690 boni,
571 673 587 686 et

211 698 289 716 quantum
299 696 319 711 ad
330 696 365 714 hoo,
376 698 400 711 est
411 695 480 716 Spiritus
491 695 544 711 Sancti
554 700 557 711 ι
566 695 587 711 si-

210 720 244 736 mul
256 725 325 741 namque
337 720 427 736 mittuntur.
435 720 467 736 Nec
478 722 531 736 tamen
545 725 586 736 unus

210 747 234 761 est
243 745 351 765 imperfectus,
356 747 384 760 aut
391 745 432 760 alter
439 745 541 765 superfluus:
548 745 586 765 quia

615 499 675 514 nabilis
685 499 722 515 sihi.

634 524 702 544 lnsuper
713 524 782 544 cognitio
796 523 884 544 requiritur
896 524 915 539 ad
929 524 992 539 missio-

615 553 657 567 ncm,
666 553 697 564 non
706 549 764 567 omnis,
772 548 799 564 sod
810 548 874 569 triplex.
883 548 916 564 Una
924 553 960 569 quaa
967 551 991 564 est

614 578 633 588 ex
645 575 690 593 parte
701 573 766 593 cogniti,
775 575 793 588 ut
803 573 863 588 seilicet
874 573 931 588 sentiat
943 573 992 589 homo

615 597 631 613 in
644 602 661 613 se
675 598 735 613 donum
749 597 764 613 in
778 602 810 618 quo
825 600 901 618 tanquam
914 597 930 613 in
945 598 992 618 signo

614 622 727 642 cognoscibilis
736 624 760 638 est
772 626 839 643 persona
849 622 897 638 missa
905 627 909 638 1
917 623 960 643 quod
971 622 993 638 si-

613 651 663 667 gnum
673 646 721 662 habet
731 649 784 662 actum
794 647 849 667 gratim
858 649 921 667 gratum
932 647 992 662 lacien-

614 671 640 689 tis,
648 673 664 687 et
674 671 794 692 appropriabile
803 673 828 687 est
837 671 877 687 Filio
888 671 912 687 vel
923 671 991 692 Spiritui

614 695 676 712 Sancto.
689 696 762 712 Secunda
777 698 800 712 est
814 696 883 716 cognitio
898 696 990 712 habitualis.

614 720 666 736 Tertia
678 722 703 736 est
714 720 827 741 conjecturalis
840 725 860 736 ex
872 721 922 741 signis
933 725 936 736 :
948 723 966 736 ut
977 721 991 736 si

614 745 676 761 videam
686 750 711 761 me
721 750 767 765 posse
775 745 794 761 de
804 745 848 761 facili
859 745 901 765 quod
911 745 952 761 alter
959 750 990 761 non

210 769 233 785 sic
241 769 315 790 congruit
325 771 390 790 propter
399 769 481 790 duplicem
489 771 551 790 partem
560 774 586 790 po-
595 770 606 786 C
614 770 675 785 habens
683 770 751 790 gratiam
759 774 790 786 non
799 772 856 790 potest,
865 772 892 785 aut
899 775 936 786 cnm
944 774 992 790 gran-

210 794 300 810 testativam
308 794 366 810 minus
373 796 436 812 nostre,
442 794 516 810 videlicet
524 794 586 810 intelle-

210 821 253 835 ctum
263 821 279 834 et
286 819 390 837 voluntatem,
399 821 447 839 alque
454 821 472 834 ut
481 823 585 839 personarum

210 843 292 859 distinctio
302 844 395 859 ostendatur
405 848 439 859 esse
450 843 467 859 in
479 843 514 859 Deo.

229 868 245 884 Si
253 872 291 883 vero
298 867 389 888 objiciatur,
398 868 441 889 quod
450 868 522 884 omniurn
530 868 586 888 gratia-

210 897 245 908 rum
261 892 325 908 collatio
338 897 367 913 per
381 892 528 913 appropriationem
542 893 586 908 attri<

211 917 266 933 buitur
278 917 345 938 Spiritui
359 917 417 933 Sancto
430 922 434 933 :
447 922 485 937 ergo
499 917 516 933 in
531 922 586 933 aarum

211 941 291 957 infusione
301 942 344 957 solus
354 942 424 957 mittitur
434 942 503 962 Spiritus
513 942 585 957 Sanctus.

231 966 324 985 Dicendum,
333 966 375 987 quod
387 966 461 987 quumvis
472 967 522 987 gratia
533 967 549 982 in
560 971 587 987 ge-

211 995 249 1007 nere
259 991 283 1006 vel
294 991 346 1011 quoad
356 993 409 1007 actum
420 991 447 1011 qui
458 993 482 1006 est
491 993 553 1011 gratum
564 991 587 1006 l'a-

211 1020 252 1034 cere,
261 1015 281 1031 sit
293 1015 388 1031 attributum
399 1017 415 1031 et
426 1015 505 1031 ostensiva
517 1015 586 1036 Spiritus

211 1040 270 1059 Sancti,
278 1042 331 1056 tamen
342 1040 393 1061 gratia
405 1040 435 1056 istu
446 1040 470 1056 vel
482 1040 515 1058 illa,
523 1042 547 1056 est
559 1042 587 1056 aut

614 794 629 810 di
638 794 734 810 difficultate
744 796 805 815 potcst;
813 797 829 810 et
837 795 850 810 si
861 795 934 815 experiar
944 795 992 815 spiri-

614 821 647 835 tum
657 824 711 835 meum
721 819 788 835 liberum
797 824 832 835 esse
840 824 849 835 a
856 824 897 835 vana
906 824 941 840 spe,
949 824 992 835 vano

613 848 673 863 amore,
686 849 758 864 vanoque
771 844 829 865 gaudio
841 846 857 860 et
869 844 929 860 caduc-
942 844 992 860 tristi-

614 869 642 887 tia,
655 871 671 885 et
682 874 691 884 a
704 869 761 884 timore
773 869 859 888 mundano,
872 869 991 885 consimilibus-

614 898 646 914 que
655 893 729 914 peccatis,
735 893 784 911 Quam
794 893 874 913 triplicem
883 893 991 914 cognitionem

615 920 653 939 puto
662 918 738 934 sufficere
747 918 835 933 secundum
843 918 916 933 habitum
925 918 944 934 ad
954 919 992 934 mis-

614 943 681 961 sionem,
692 947 721 958 nec
733 945 805 963 oportere
816 942 872 958 adesse
882 942 991 963 cognitionem

614 968 702 983 secundum
710 969 769 983 actum.
778 967 811 983 Non
820 969 873 983 autem
884 969 935 988 potest
944 967 992 983 certi-

614 992 691 1007 tudinslis
703 992 758 1007 haberi
769 992 840 1012 cognitio
850 992 870 1007 de
881 992 992 1008 inexsistentia

614 1016 685 1032 caritatis
699 1018 715 1032 ct
729 1016 784 1036 gratias
798 1016 860 1037 absque
875 1016 972 1032 revelatione
986 1021 990 1032 2

614 1041 689 1061 quoniam
700 1043 745 1056 actus
755 1041 821 1061 spiritus
831 1041 910 1057 simillimi
920 1043 959 1057 sunt
966 1046 992 1057 nc—

211 1069 245 1080 esse
253 1066 305 1085 potest
312 1065 347 1080 F'ilii
357 1065 459 1080 attributum.
468 1064 528 1081 idcirco
536 1070 586 1085 quum
595 1066 606 1082 D
614 1065 657 1081 tibus
669 1068 730 1081 naturm
742 1067 758 1081 et
770 1066 828 1084 cordis,
837 1068 855 1081 ιιι
868 1068 910 1086 patet
923 1066 939 1081 in
952 1066 992 1082 dil-,u

211 1089 266 1105 missio
277 1089 298 1105 sit
308 1090 355 1105 etiam
366 1089 382 1105 in
393 1089 478 1105 collatione
487 1090 541 1110 gratim
552 1094 587 1110 par-

211 1114 283 1130 ticularis
293 1114 313 1130 ad
324 1114 423 1130 intellectum
435 1114 468 1130 sive
478 1114 561 1133 sttectum,
570 1114 585 1130 in

211 1144 230 1155 ea
237 1139 286 1154 etiam
296 1138 365 1154 mittitur
375 1138 429 1154 Filius.
438 1139 481 1154 Unde
491 1139 551 1155 amicos
559 1139 585 1155 Dei

211 1166 227 1179 et
236 1163 322 1184 Prophetas
331 1163 433 1182 constituere,
442 1163 538 1179 adscribitur
546 1163 586 1179 Filio

210 1193 238 1204 seu
246 1188 331 1209 Sapientis
338 1187 418 1203 increatas.
426 1188 449 1203 Ad
457 1188 585 1204 constituendum

210 1217 280 1233 namque
292 1212 352 1228 amieos
365 1212 398 1231 Dei,
408 1212 440 1228 duo
452 1212 543 1233 exiguntur.
554 1212 586 1228 Pri-

210 1242 254 1253 mum
262 1239 287 1253 est
294 1237 351 1253 notitia
360 1237 436 1253 amicitiae
443 1239 459 1253 et
468 1237 521 1256 amici,
530 1242 585 1253 eorum

209 1267 274 1283 quoque
287 1266 316 1282 per
328 1266 363 1282 qua!
375 1261 446 1277 amicitia
458 1261 558 1277 contrahitur
570 1264 585 1277 et

209 1288 312 1302 conservatur
321 1291 324 1302 :
333 1286 375 1306 quod
383 1288 407 1302 eat
415 1286 457 1302 Filii>
463 1286 553 1302 Secundum
561 1288 585 1302 est

208 1316 253 1327 amor
260 1311 309 1327 unici
316 1313 332 1326 et
340 1311 462 1327 fundamentum
470 1311 534 1330 amoris,
542 1311 584 1331 quod

208 1338 233 1351 est
245 1336 304 1351 bonnm
317 1336 402 1351 honesturn
413 1337 429 1351 et
442 1340 478 1356 pars
491 1335 558 1354 honesti,
567 1338 585 1351 ιιι

614 1090 671 1106 ctione.
688 1090 752 1106 Possum
768 1090 811 1106 cnim
825 1091 867 1106 scirc
882 1091 925 1111 qnod
941 1090 991 1111 diligo

613 1114 663 1130 Deum
676 1117 741 1135 propter
752 1119 769 1130 se
780 1117 796 1130 et
808 1119 857 1135 super
868 1115 928 1134 omnia,
936 1117 989 1131 tamen

614 1144 645 1155 non
661 1140 695 1155 seio
710 1144 730 1155 an
746 1139 776 1155 hoc
792 1144 810 1155 ex
826 1139 892 1155 caritate
907 1140 989 1160 procedat,

614 1169 663 1185 quum
676 1166 692 1179 et
704 1164 809 1184 Philosophus
821 1166 922 1184 protestatur,
935 1164 988 1180 virum

613 1193 650 1204 vere
658 1189 715 1204 {ortcm
725 1188 776 1209 gratia
785 1188 821 1204 boni
829 1191 845 1204 et
855 1191 921 1210 propter
928 1189 988 1205 bonurn

613 1213 677 1229 virtutis
688 1215 790 1229 contemnere
802 1213 852 1229 vitam
864 1218 868 1229 x
880 1214 922 1234 quod
935 1216 988 1229 tamen

613 1242 644 1253 non
655 1237 744 1253 necessario
754 1237 826 1258 procedit
833 1242 852 1253 ex
862 1238 933 1253 caritate.
942 1238 989 1254 simi>

613 1262 649 1278 liter
656 1262 741 1283 Apostolus
749 1262 820 1282 loquitur
830 1267 833 1278 :
842 1262 858 1278 Si
867 1262 947 1278 tradidero
955 1267 988 1278 cvr>
995 1270 1064 1282 mmmm,

613 1291 643 1307 pus
651 1291 704 1302 meum
712 1287 734 1302 ita
742 1289 760 1302 ut
767 1287 836 1306 ardcam,
844 1287 926 1303 caritatem
934 1289 986 1303 autem

612 1316 644 1327 non
652 1311 729 1331 habuero,
737 1312 777 1327 nihil
786 1311 826 1327 mihi
835 1312 903 1332 prodest*
910 1311 950 1332 Ergo
958 1316 986 1333 pro

613 1336 645 1352 side
653 1338 668 1352 et
679 1338 744 1357 propter
752 1336 801 1352 Deum
810 1338 862 1356 potest
871 1336 919 1352 horno
928 1341 945 1352 se
953 1336 984 1357 igni
