1088 1569
209 122 240 138 ⁸62

288 195 407 217 QUAEST‘IO
422 199 505 215 panna

241 267 274 283 lrca
284 272 331 288 quarn
342 268 419 288 quaeritur
429 267 487 287 primo,
495 267 547 287 Quid
556 267 584 283 stt

245 292 334 309 viaibffls
349 292 419 309 missio
433 292 523 312 spu-stus
537 292 584 308 Sau-

209 316 248 337 ot1;
258 317 280 333 et
291 317 315 333 de
324 316 414 333 utilitate
424 317 493 337 ipsius,
501 320 538 333 mu·
548 317 585 333 soi-

209 341 258 358 ltoet
268 341 321 358 tauta
331 342 364 358 s1t.

230 366 251 381 De
263 366 315 386 primo
325 366 381 381 scribit
392 366 503 382 Bonaventura
516 370 519 381 :
532 365 585 381 Missio

209 390 279 406 visibilis
287 390 396 411 prmsupponit
406 390 498 406 missionem
509 392 585 410 tanquam

209 419 259 435 genus
271 415 305 431 sive
317 415 396 435 superins,
407 417 423 430 et
435 415 527 435 superaddit
539 414 586 430 diffe-

210 439 278 455 rentiam
290 439 342 458 istam,
353 439 426 455 visibilis⁴
438 439 485 455 Porro
497 439 557 457 missio,
569 441 586 454 nt

209 464 312 479 distinctione
322 464 374 484 patuit
383 464 485 484 praeedenti,
494 468 586 484 praasnppo-

210 488 234 504 nit
245 488 289 504 missi
300 488 423 507 emanationem,
431 490 447 504 et
459 488 503 504 addit
514 493 586 509 personas

209 513 298 529 emanantia
309 513 453 529 manifestationem
465 517 494 533 per
504 513 586 534 appropri-

209 539 253 553 atum
267 537 297 553 sibi
310 537 393 556 effectum,
406 537 433 558 qui
448 540 472 553 est
485 538 544 553 donum
558 540 585 553 ant

209 564 254 578 actus
261 562 316 582 gratita
322 562 433 583 gratificantis⁴
443 562 461 578 Et
469 562 545 583 quoniam
553 567 586 578 ma-

210 586 291 602 nifestatio
306 586 417 605 emanationis,
433 587 521 602 secundum
537 591 585 607 qnam

209 611 297 627 attenditur
308 611 368 630 missio,
377 616 408 627 non
419 611 439 627 fit
448 611 478 627 nisi
490 616 538 632 super
548 616 585 627 eum

210 640 258 656 quem
268 635 337 656 Spiritus
347 635 414 651 Sanctus
424 636 502 652 inhabitat
513 640 541 657 per
551 640 586 656 gra-

210 660 248 676 tiam
259 660 307 676 talem
316 665 319 676 z
329 660 366 676 hine
378 660 433 676 missio
445 660 465 676 de
476 665 505 676 sna
514 660 585 680 generali

210 685 271 700 ratione
278 685 317 701 dicit
326 685 470 701 manifestationem
480 685 585 701 emanationis

209 711 225 725 et
237 709 364 725 inhabitationis,
374 710 433 725 Verum
445 709 536 725 differentia
549 710 584 728 ista,

210 734 284 753 visibilis,
292 734 371 750 contrahit
379 734 471 750 missionem
480 734 533 754 quoad
542 734 586 754 prin-

210 758 262 779 cipale
273 758 308 778 ejus
320 758 434 779 significatum,
444 759 486 779 quod
499 761 523 774 est
535 759 585 774 mani-

210 782 273 799 tut-tio
282 787 285 799 :
294 783 330 799 ideo
341 783 380 799 dicit
392 783 536 799 manifestationem
548 788 585 799 cum

209 808 315 828 apparitione,
319 808 353 824 sive
360 808 476 828 apparitionem
484 807 585 823 manifestan-

210 834 242 848 tem
254 833 343 848 emanantis
356 833 493 851 inhabitationem,
504 832 529 848 vel
540 832 586 848 inha-

211 857 276 872 bitantis
286 862 357 878 personia
367 857 489 873 emanationem.
498 857 538 873 uine
549 857 585 873 visi-

210 881 247 897 bilis
257 881 312 897 missio
321 883 345 897 est
355 882 440 902 apparitio.
449 881 481 897 iloo
491 883 543 897 tamon
553 886 585 897 non

210 907 234 921 cst
246 907 278 921 tota
291 906 330 922 ratio
342 906 383 926 ejus,
394 906 422 921 scd
433 906 512 926 apparitio
524 906 540 921 in
553 910 585 926 qna

210 930 321 946 manifestatur
332 930 387 946 divina
399 935 467 951 persona
479 935 510 946 non
523 932 585 946 tantum

210 956 227 970 ut
239 959 312 975 operans,
321 955 348 970 sed
360 957 377 970 nt
387 955 435 971 etiam
447 955 547 974 inhabitans3
556 960 585 970 nec

210 979 261 995 solum
274 981 292 995 ut
304 979 400 998 inhabitans,
414 980 440 995 aod
453 980 500 995 etiam
513 981 531 995 ut
543 984 586 995 erna-

210 1008 255 1019 nans.
268 1004 326 1024 Sicque
341 1009 370 1025 per
383 1004 460 1025 primum,
473 1004 542 1020 excludit
556 1009 585 1024 ap-

211 1028 306 1049 paritionem
319 1028 347 1044 Dei
359 1033 391 1049 qua
403 1031 469 1049 apparet
484 1029 499 1044 in
514 1029 586 1049 qnalibet

211 1055 283 1069 creatura
292 1058 295 1069 z
304 1053 320 1069 in
332 1058 364 1074 qua
375 1053 476 1074 apparitione
487 1058 518 1070 non
531 1058 586 1074 repra>

211 1080 282 1093 sentatnr
294 1078 335 1093 Deus
350 1078 379 1094 sub
393 1078 453 1094 ratione
468 1083 544 1099 personna.
558 1078 586 1094 Fer

211 1102 304 1121 secundum,
316 1102 386 1118 excindit
398 1103 516 1123 apparitionem
528 1103 586 1118 factam

211 1126 227 1142 in
238 1127 287 1142 veteri
298 1127 403 1146 Testamento,
413 1127 428 1143 in
439 1132 471 1147 quo
482 1132 554 1148 perseum
564 1127 587 1143 vi-

210 1150 253 1166 sibili
261 1151 362 1172 apparitione
369 1153 484 1172 apparuerunt,
493 1156 524 1167 non
532 1153 585 1167 tamen

210 1177 248 1191 tnnc
260 1175 346 1191 visibiliter
358 1176 410 1191 missas
421 1178 463 1191 sunt,
474 1176 503 1192 Per
514 1176 585 1195 tertium,

210 1200 280 1216 excludit
287 1200 404 1221 apparitionem
414 1200 468 1219 Patria,
477 1201 505 1221 qui
513 1201 587 1222 quamvis

210 1225 308 1245 apparuerit,
322 1230 352 1241 non
367 1227 419 1241 tamen
432 1226 490 1241 missus
505 1228 534 1244 est,
549 1226 587 1246 quia

210 1254 241 1265 non
254 1250 330 1270 apparuit
341 1252 358 1265 ut
370 1255 452 1266 emanans.
460 1250 510 1266 Filius
522 1255 586 1270 quoque

210 1279 238 1290 seu
248 1274 318 1295 Spiritus
328 1274 394 1290 Sanctus
405 1275 421 1290 in
430 1275 478 1290 veteri
487 1275 587 1290 Testamento

211 1304 242 1315 non
253 1299 328 1320 apparuit
338 1301 413 1320 tanquam
425 1299 522 1318 inhabitans,
531 1299 558 1315 sed
570 1302 587 1315 nt

211 1328 227 1339 se
236 1324 362 1339 inhabitaturum
370 1324 486 1340 demonstrans.
492 1324 532 1340 nino
541 1324 587 1340 tortio

378 127 394 138 {N
405 126 460 138 traam
470 126 475 138 Ι
486 126 606 138 smmum.
618 130 638 133 -
648 126 687 138 ΒΙΒΤ.
699 126 735 142 1V13
746 126 803 140 QURST.
815 126 821 138 Ι

592 168 604 183 Α
611 168 631 184 (le
638 169 715 184 Trinitate
725 169 797 189 loquitur
804 168 902 189 Augustiana
910 173 913 184 :
923 168 989 184 Constat

611 192 689 209 firmitate
701 192 800 209 auctoritatis
811 195 827 208 et
839 193 952 213 probabilitate
964 198 988 209 ra-

612 217 665 236 tionis,
674 218 712 233 dum
720 217 791 238 antiquis
799 217 872 238 patribus
879 217 938 233 dicitur
946 217 988 233 Dens

612 242 712 262 apparuisse,
720 246 767 258 voces
777 242 812 257 illas
822 241 842 257 ab
852 242 913 262 angelis
923 247 957 258 esse
965 242 989 257 fa-

613 268 651 282 ctas.
664 266 695 283 Nec
710 269 762 282 tamen
778 267 814 282 dico
826 267 869 287 quod
885 267 913 283 ista
928 267 948 282 sit
964 272 989 282 ra⁴

613 291 635 307 tio
645 296 674 307 cur
684 296 751 312 persona
762 291 816 312 aliqua
827 291 886 307 dicitur
897 296 928 307 non
939 292 989 307 missa

614 316 651 336 quia
666 316 746 336 apparitio
759 315 808 332 fiebat
821 316 910 332 ministerio
923 316 988 336 angolo-

614 345 655 359 rum,
669 340 757 361 prmaertim
772 345 821 361 quum
836 341 923 356 secundnm
936 341 990 361 Augu-

613 365 673 381 stinnrn
685 367 742 386 quarto
752 365 772 381 ‹le
783 365 865 384 Trinitate,
874 365 957 386 probabile
968 365 990 381 sit

614 390 655 410 quod
664 389 739 405 columba
746 390 773 405 illa
781 390 797 405 in
805 394 837 410 qua
844 389 913 410 Spiritus
921 389 990 405 Sanctus

613 414 694 435 apparuit.
704 414 792 430 ministerio
802 414 854 435 angeli
864 416 960 430 moveretur.
970 423 989 426 —

613 438 639 454 Sic
646 443 684 459 ergo
692 443 723 455 non
731 439 806 459 quoelibet
813 439 893 459 apparitio
900 441 924 455 eat
930 439 988 455 missio,

595 464 607 479 B
614 463 632 479 Et
640 468 688 479 cansa
694 468 744 484 qnare
752 468 820 484 persona
827 464 881 484 aliqua
891 468 922 479 non
930 464 990 479 dicitur

613 488 667 507 missa,
680 490 704 504 est
716 488 754 508 quia
766 488 786 504 ab
798 488 830 504 alio
842 493 873 504 non
886 490 915 504 cst.
929 488 990 504 Dicitur

613 515 667 528 antem
678 513 718 528 Deus
730 513 823 533 apparuisse
834 517 865 529 non
877 513 893 529 in
905 518 922 529 se
932 515 961 529 aut
972 513 989 529 in

613 542 642 553 sua
651 538 726 556 essentia,
734 538 761 553 sed
772 538 788 553 in
798 539 871 553 creatura
880 537 953 558 subjecta
961 542 965 553 t
973 539 990 553 et

614 562 643 578 hoe
653 562 744 583 dupliciter.
753 562 811 580 Primo,
819 562 861 578 sieut
868 567 916 578 causa
926 562 941 578 in
950 562 990 578 efle-

613 589 640 602 ctu
649 591 652 602 z
661 589 677 602 et
688 587 710 602 sic
721 589 788 607 apparet
799 586 815 602 in
827 586 899 607 qualibet
910 589 988 602 creatura.

613 611 691 630 Secundo,
700 611 742 627 sicut
751 609 831 631 siim-tum
840 611 857 627 in
867 611 912 632 signo
921 616 924 627 :
933 611 990 632 sicque

613 637 678 656 apparet
692 635 708 651 in
724 635 799 651 missione
811 635 878 651 visibili.
892 635 927 652 Hac
940 635 990 652 Bona-

613 662 686 676 ventura.

633 684 662 703 oui
670 686 686 700 et
694 685 709 700 in
718 684 819 705 Breviloquio
829 685 904 705 pauperia
912 687 990 701 contesta-

614 711 639 725 tur
650 714 654 725 ι
664 709 745 730 Apparere
756 709 795 725 dicit
807 709 884 725 effectum
896 709 989 725 sensibilem

613 738 650 749 enm
658 738 733 754 expressa
740 733 863 754 significatione,
872 734 913 750 sicut
920 734 990 755 Spiritus

595 758 606 775 C
613 758 679 774 Sanctus
690 758 764 779 apparuit
773 758 788 774 in
797 758 877 774 columba.
886 758 905 774 Et
912 759 990 779 quoniam

613 782 655 798 sicut
667 787 739 803 personae
751 782 809 799 divinas
821 783 900 799 distinctas
911 785 954 801 sunt.
966 783 990 799 sic

613 807 689 823 distincte
701 807 789 828 significari
801 810 867 828 possunt
879 808 929 828 signis
941 810 990 828 atque

614 832 707 848 nominibus
715 837 718 847 z
728 832 763 848 ideo
770 832 847 853 quaslibet
856 832 911 848 divina
921 837 990 853 persona

614 858 666 877 potest
673 861 702 877 per
709 861 726 872 ae
733 861 815 877 apparere,
820 859 904 877 potestque
911 857 991 878 apparitio

613 881 688 897 omnibus
699 881 722 897 eis
733 883 829 902 competere,
837 883 870 897 tam
881 881 929 897 sirnul
940 886 990 902 qnam

614 906 681 921 cuilibet
692 910 764 926 persona)
774 910 803 926 per
812 910 834 921 se.
845 906 889 921 Unde
901 906 943 926 qnod
955 906 991 926 Spi-

614 930 654 946 ritus
664 930 731 946 Sanctus
743 930 802 946 dieitur
812 930 828 946 in
840 930 899 951 linguis
910 930 962 951 igneis
974 933 991 946 et

614 955 688 971 columba
700 955 799 975 apparuisse,
808 959 839 971 non
852 957 875 970 αἱ
886 957 952 976 propter
963 960 991 971 nt>

614 984 652 995 vum
660 979 756 995 miraculum
764 979 789 995 vel
798 979 899 1000 spiritualem
906 979 990 998 olfactum,

614 1004 641 1019 aed
656 1006 722 1024 propter
734 1004 810 1019 unionem
826 1008 862 1024 quas
876 1005 900 1019 est
915 1004 957 1020 inter
969 1004 991 1020 si-

613 1030 679 1049 gnatum
690 1030 706 1044 et
717 1028 779 1049 signnm
791 1028 805 1044 ei
817 1028 883 1049 speciali
895 1029 990 1049 deputatum

594 1055 605 1070 D
614 1053 660 1069 modo
671 1055 719 1074 atque
729 1053 796 1073 origine.
808 1053 844 1069 lime
855 1053 903 1069 idem.

634 1078 678 1094 Circa
689 1078 722 1093 hmc
733 1077 788 1093 scribit
797 1077 864 1094 Thomas
873 1082 876 1093 :
885 1078 991 1096 Quemadmo-

614 1103 651 1119 dum
665 1103 745 1123 processio
756 1103 849 1123 temporalis
860 1107 891 1119 non
903 1105 927 1118 est
937 1107 991 1118 eson—

614 1128 674 1143 tialiter
685 1127 717 1143 alia
729 1132 777 1148 quam
790 1129 849 1143 esterna
864 1127 950 1148 processio,
963 1128 990 1143 aed

614 1152 658 1168 addit
666 1154 755 1172 respectum
762 1152 782 1167 ad
790 1152 894 1172 temporalem
902 1152 979 1168 eflectum
986 1157 991 1172 ;

614 1177 637 1192 sie
649 1176 719 1192 visibilis
732 1176 787 1192 missio
801 1181 833 1192 non
846 1178 870 1192 est
884 1176 992 1192 essentialiter

614 1201 645 1217 alia
652 1201 672 1216 ab
681 1201 757 1217 invisibili
768 1201 844 1217 missione
853 1201 923 1221 Spiritus
930 1201 990 1220 Sancti,

614 1226 641 1241 sed
652 1225 696 1241 addit
706 1225 756 1241 solam
767 1225 845 1241 rationem
857 1225 992 1241 manifestationis

615 1255 644 1271 per
653 1250 717 1270 signum
727 1250 791 1266 visibile
800 1250 835 1266 sive
844 1250 925 1266 sensibile.
934 1250 957 1266 Ad
967 1255 992 1266 ra-

615 1275 674 1291 tionem
689 1279 726 1295 ergo
741 1274 810 1290 visibilis
825 1275 907 1291 missionis
921 1274 992 1295 Spiritus

615 1299 667 1315 Sancti
678 1299 709 1315 tria
719 1301 822 1318 concurrunt,
831 1299 905 1316 videlieet
916 1299 959 1320 quod
970 1300 992 1316 sit

616 1324 674 1340 missus
682 1324 702 1339 ab
709 1324 769 1344 aliquo,
777 1326 793 1340 et
801 1324 843 1344 quod
852 1324 897 1340 sitin
904 1324 960 1345 aliquo
967 1329 993 1340 se-
