1088 1569
220 121 249 137 170

390 126 406 138 {N
416 126 471 138 ιιΒΙωΙΙ
482 127 487 138 1
497 126 618 138 same-mmmm.
629 132 649 134 —
659 127 698 139 nlsr.
710 128 731 143 113
743 127 799 142 auaes'r.
811 128 822 139 ιι

219 168 308 188 includunt,
317 174 369 190 neque
381 169 472 185 excludunt.
481 169 520 185 Nam
532 169 545 185 si
556 174 591 185 eam
599 169 612 185 A
618 172 688 190 gentem,
696 170 781 189 volentem,
789 170 856 191 justum,
864 173 880 187 et
889 171 993 191 hujusmodi;

220 193 324 212 includerem,
333 194 364 210 Deo
372 198 403 210 non
414 194 527 214 convenirent;
535 194 548 209 si
557 198 591 209 eam

219 218 327 237 excluderent,
338 223 369 234 non
381 218 483 234 convenirent
494 219 557 234 creatis*

238 243 305 264 Insuper
312 243 366 259 differt
374 248 450 264 qnaerere,
457 248 477 259 an
485 243 562 259 attributa
569 248 593 259 ac-

218 268 300 288 cipiantur
313 268 329 284 in
345 268 376 284 Deo
391 268 451 289 absque
465 268 560 284 habitudine
573 268 592 284 ad

219 294 277 311 creata,
287 295 303 308 et
315 295 368 308 utrum
381 297 436 309 eorum
448 293 540 308 differentia
552 293 593 308 acci-

220 318 273 338 piatur
285 318 301 333 in
316 318 348 333 Deo
361 318 408 333 etiam
423 318 483 338 absque
498 317 592 333 habitudine

220 342 252 358 ruli,
263 342 278 358 Si
292 343 358 363 quaestio
371 343 463 363 procederet
475 343 527 363 primo
539 343 591 361 modo,

219 369 235 382 et
248 367 324 383 attributa
337 369 431 383 vocarentur
445 372 481 387 quae
495 367 593 383 conveniunt

219 391 249 407 Deo
257 392 344 407 secundum
352 392 468 412 oppositionem
476 392 495 407 ad
505 393 591 410 creaturas,

218 416 243 432 vel
251 417 339 432 secundum
348 417 462 435 causalitatem,
471 419 488 432 ut
496 421 530 432 esse
538 416 592 432 infini-

218 443 258 459 turn,
266 446 301 457 esse
311 443 407 461 creatorem
415 442 438 457 sie
449 441 540 459 dicendum,
549 441 591 461 quotl

620 194 685 215 planum
693 197 717 210 est
725 195 766 215 quod
777 195 814 211 talia
824 196 921 211 conveniunt
931 195 963 212 Deo
970 200 995 211 se-

619 219 689 235 eundum
700 224 722 238 sc,
730 220 791 240 absque
801 220 895 236 habitudine
904 221 924 236 ad
934 223 994 239 creata,

619 246 635 259 et
648 246 714 265 possunt
729 244 796 265 intelligi
811 249 845 260 mse
859 245 875 261 in
888 245 920 261 Deo
933 245 995 266 absque

620 269 714 285 habitudine
724 270 743 285 ad
755 270 868 290 quodcumque·
878 272 955 286 efflatum.

636 293 651 309 Si
660 298 697 309 vero
705 294 771 314 quaestio
779 294 877 315 intelligatur
884 295 955 310 seeundo
962 299 995 311 mo-

619 317 645 335 do,
653 317 728 333 videlicet
736 320 789 334 utrum
798 318 879 334 distinctio
887 319 942 334 talium
951 319 995 335 attri-

620 341 694 358 butorum
708 343 757 363 possit
768 347 802 358 esse
814 343 829 358 in
842 343 873 359 Deo
884 343 945 364 absque
957 348 995 364 ‹spx›

620 367 680 382 ratione
692 367 782 383 intellectus
794 368 902 388 comparantis
913 368 962 384 Deum
975 369 993 384 ad

619 393 677 410 creata,
690 392 713 407 sic
725 394 749 407 est
761 392 819 412 triplex
833 392 892 413 opinio⁴
905 392 944 410 Una.
958 398 994 413 quaa

620 416 665 436 ponit
672 417 714 437 quod
725 416 801 432 attributa
812 417 841 432 ista
851 417 929 433 differunt
937 417 953 433 in
962 417 993 433 Deo

620 440 709 456 formaliter
715 446 734 457 ex
743 443 799 457 natura
807 442 829 457 rei
838 443 874 457 ante
884 446 948 457 ornnem
956 446 994 463 ope-

218 466 258 481 niliil
266 466 297 481 tale
306 468 357 486 potest
364 465 426 486 concipi
435 470 469 481 esse
477 466 493 481 in
501 465 538 484 Deo,
543 465 591 481 etiam
601 464 613 480 B
620 465 697 481 rationem
709 466 804 482 intellectus.
813 465 850 484 Ouoe
859 466 914 487 opinio
925 469 994 487 quatuor

218 495 227 505 a
237 495 339 511 quocumque
349 490 436 509 imeneetu,
444 490 475 506 nisi
485 490 501 506 in
512 490 592 505 habitudi-

218 519 238 531 ne
246 515 265 531 ad
273 517 359 531 creaturas.
367 515 409 531 Nihil
418 515 461 531 enim
469 514 531 535 concipi
541 517 592 535 potest

218 540 253 556 sine
265 544 283 556 eo
296 540 338 560 quod
351 540 431 556 clauditur
443 539 459 555 in
472 544 501 555 sua
513 540 574 555 ratione
586 544 590 555 ;

218 565 251 581 aive
264 565 354 580 includatur
366 566 384 580 ut
396 569 432 585 pars
444 564 538 583 essentialis,
550 564 592 580 sicut

218 590 266 605 homo
276 594 307 605 non
319 591 371 609 potest
381 589 448 609 intelligi
461 589 495 604 sine
506 589 590 608 rationali,

218 614 252 630 sive
260 616 277 629 ut
284 614 364 634 objectum
373 614 397 629 vel
406 613 483 629 terminus
491 613 558 629 actionis
566 614 590 629 vel

218 639 305 657 relationis,
313 638 354 654 sicut
366 643 398 654 non
409 640 461 659 potest
471 638 538 658 intelligi
550 638 591 654 deal-

218 663 261 679 batio
273 663 308 679 sine
319 663 402 683 albedine3
413 663 447 678 eive
460 662 551 678 includatur
563 667 592 683 per

218 688 282 704 modurn
293 687 404 708 oppositionis,
413 687 454 703 sicut
466 687 554 703 includitur
565 688 592 703 ha-

217 713 260 728 bitus
269 713 284 728 in
293 712 353 728 ratione
362 712 460 733 privationis,
470 712 494 728 vel
504 711 592 728 affirmatio

218 738 233 753 in
246 737 306 753 ratione
319 737 407 757 negationis
418 741 421 752 z
432 737 474 752 sicut
484 736 547 752 cacitas
559 741 590 752 non

620 490 708 506 rationibus
723 490 833 506 confirmatur.
846 491 904 510 Primo,
917 491 993 512 quoniam

619 515 696 531 attributa
708 515 829 535 distinguuntur
840 515 934 532 definitione
943 521 947 532 z
956 516 994 537 quia

619 539 632 555 si
645 539 757 558 definirentur,
770 540 802 556 alia
813 541 878 556 daretur
889 541 963 557 definitio
975 541 995 556 ‹le

619 564 703 584 sapientia,
716 564 747 580 alia
760 564 780 580 ‹le
795 565 871 581 bonitate.
883 574 903 576 —
915 565 993 583 Secundo.

620 589 658 609 qnia
666 593 694 609 pcr
702 589 744 604 idem
754 589 823 610 simplex
831 594 862 605 non
873 592 925 610 potat
932 590 994 610 aliquid

619 614 705 629 convenire
716 618 752 629 cum
765 614 825 634 aliquo,
836 616 852 630 et
863 614 884 630 ab
896 614 951 630 eodem
963 614 994 630 dil*

619 637 666 656 ferre,
675 638 706 653 nisi
714 638 735 654 sit
742 638 797 659 aliquo
804 639 851 655 modo
859 639 942 655 diversit&
951 644 955 655 ι
963 639 994 655 sic-

619 664 637 678 ut
647 662 711 678 brutum
723 667 751 683 per
761 663 833 679 eamdem
843 663 933 684 simplicem
941 668 994 679 essen-

620 687 657 703 tiam
672 687 730 703 animae
742 687 758 703 in
771 690 849 708 quantum
862 690 886 703 est
899 688 993 708 vegetativa,

619 712 694 728 convenit
706 717 742 728 cum
756 712 819 732 planta3
828 715 843 728 et
854 717 883 733 per
893 713 966 728 eamdem
977 713 994 729 in

619 739 697 757 quantum
705 739 729 752 est
738 737 819 756 sensitiva,
827 737 883 753 differt
893 737 913 753 ab
921 742 945 753 ea.
954 737 995 758 Ergo

218 764 269 783 potest
280 762 354 782 intelligi,
367 766 399 777 non
412 761 492 777 intellectu
504 761 549 781 visu;
562 766 591 777 nec
599 761 610 777 C
619 766 650 777 una
658 764 674 777 et
681 762 736 777 eadem
747 762 815 782 simplex
823 762 891 778 essentia
901 762 959 779 animae
966 763 995 779 ali-

218 792 249 803 non
260 787 313 805 homo,
322 787 386 802 homine
396 791 427 802 non
438 786 524 802 intellecto.
532 786 562 802 Sed
571 786 591 802 de

218 812 278 828 ratione
289 816 345 827 eorum
356 816 392 832 qum
402 811 512 827 attribuuntur
522 811 553 827 neo
563 816 592 831 per

218 837 283 852 modum
293 836 395 853 causalilalis.
403 838 427 852 est
437 838 510 851 creatura
520 840 549 856 per
558 840 592 851 mo-

217 862 255 877 dum
267 861 337 879 termini,
345 861 370 876 vel
381 860 446 881 objecti,
456 860 480 876 vel
493 860 590 879 cur-relativi,

218 889 235 902 ut
245 888 287 907 patet
297 886 316 901 de
324 885 397 902 Creatore
405 887 420 900 et
430 887 507 901 creatura.
516 885 591 901 Creatura

217 911 260 927 enim
268 913 292 927 est
300 910 377 926 terminus
385 910 409 926 vel
417 910 497 930 objectum
506 910 591 925 creationis

217 936 242 952 vel
250 936 325 956 potentin
331 935 434 952 creandizest
441 939 505 955 qnoque
513 934 591 950 terminus

218 960 299 976 relationis
311 965 343 980 qua
357 960 398 975 Deus
412 959 479 975 refertur
492 961 508 974 ul
522 961 589 975 creator.

217 985 264 1001 Porro
276 985 296 1000 de
307 985 367 1000 ratione
378 988 433 1000 eorum
445 989 481 1004 qnae
493 984 591 1000 conveniunt

218 1010 249 1025 Deo
263 1014 292 1030 per
306 1008 422 1029 oppositionem
435 1008 455 1023 ad
468 1010 555 1026 creaturas,
567 1010 591 1023 est

217 1034 278 1055 aliquid
289 1035 366 1052 creatum,
374 1033 415 1049 sicut
427 1032 491 1048 habitus
501 1034 525 1048 est
535 1033 555 1048 de
567 1037 592 1048 ra-

618 791 651 807 quo
663 787 710 802 modo
720 786 838 802 diversificatur
849 792 877 808 per
887 788 994 808 vegetativum

618 814 634 827 et
641 811 735 827 sensitivam
745 816 748 827 :
757 812 784 827 serl
795 816 826 827 nan
838 812 909 832 realiter;
917 817 954 833 ergo
965 812 995 829 for-

619 836 687 851 maliter.
692 845 711 847 —
716 836 774 855 Tertio,
779 836 837 852 entitas
844 839 859 852 el
868 836 995 857 bonitas,quani-

618 860 643 876 vis
653 860 685 876 sint
696 861 738 876 idem
750 861 766 876 in
778 865 800 879 re,
808 861 887 877 differunt
897 863 950 877 tamen
963 861 995 877 for-

619 885 687 903 maliter,
703 890 753 905 quum
770 890 798 905 per
813 890 868 901 eorum
884 885 993 902 differentiam

619 911 691 925 sumatur
703 909 794 925 differentia
807 910 897 926 intellectus
910 912 926 926 et
937 910 994 926 volun-

619 934 655 949 tatis
664 938 667 949 :
676 938 712 954 quae
724 933 816 950 differentia
828 939 859 950 non
871 936 895 950 est
907 939 926 950 ex
938 939 994 955 opera-

619 958 661 974 tione
673 958 768 977 intellectus,
777 963 827 979 quum
838 958 909 974 formalis
919 959 960 975 ratio
967 959 994 975 ob-

618 983 656 1003 jecti
673 983 751 1003 praecedat
767 985 820 998 actui-n
837 984 917 1004 potentias.
933 984 994 1000 Entitas

619 1009 672 1023 autern
687 1009 711 1023 est
724 1007 805 1027 objectum
821 1007 917 1026 intellectus,
931 1008 994 1024 bonitas

619 1032 711 1048 voluntatis.
723 1032 765 1048 Talis
778 1034 830 1048 autern
844 1032 926 1049 distinctio
938 1035 962 1049 eat
974 1038 993 1049 ex

217 1059 260 1075 tione
268 1058 367 1079 privationis,
375 1058 400 1073 vel
408 1057 495 1073 affirmatio
502 1058 522 1073 de
530 1057 591 1073 ratione
600 1057 611 1072 D
620 1059 664 1077 parte
679 1057 707 1072 rei.
721 1066 740 1068 —
752 1056 816 1076 Quarto,
830 1057 870 1073 illud
885 1058 927 1078 qnod
942 1058 962 1073 de
976 1063 993 1073 se

218 1083 306 1104 negationis
317 1087 321 1098 z
333 1084 351 1098 ιιι
363 1084 405 1103 patet
417 1086 466 1102 quum
479 1081 520 1097 Deus
532 1082 591 1097 dicitur

218 1108 297 1124 inlinitum.
308 1107 345 1123 Esse
357 1107 400 1123 enirn
412 1106 500 1125 infinitum,
509 1106 548 1122 (licit
559 1106 592 1127 pri-

217 1133 297 1149 vationem
310 1132 334 1147 vel
347 1131 446 1151 negationem
461 1130 527 1146 finitatis
539 1135 542 1146 :
555 1135 591 1151 qum

217 1157 272 1173 finitas
284 1161 315 1172 non
328 1158 379 1177 potest
389 1160 423 1171 esse
435 1155 466 1171 nisi
478 1155 495 1171 in
507 1155 590 1171 creaturis.

216 1182 252 1198 Ideo
260 1181 298 1197 talia
305 1185 337 1196 non
347 1180 445 1196 conveniunt
452 1180 489 1199 Deo,
498 1180 528 1195 nisi
539 1180 555 1195 in
564 1180 591 1195 ha<

217 1206 289 1222 bitudine
299 1206 318 1221 ad
328 1207 409 1221 creaturas
418 1209 421 1220 :
430 1206 446 1220 et
454 1209 482 1225 per
492 1209 591 1225 consequens

217 1236 246 1247 nec
259 1235 314 1247 eorum
327 1229 438 1246 convenientia
453 1234 482 1245 nee
494 1228 591 1244 differentia.

216 1256 232 1272 Si
245 1258 297 1272 autern
309 1254 386 1270 attributa
397 1256 474 1270 vocentur
487 1253 592 1274 perfectiones

218 1280 294 1301 positivae,
303 1283 396 1295 communes
403 1278 435 1294 Deo
442 1280 458 1294 et
466 1278 548 1297 creaturis,
557 1282 593 1298 qua

218 1310 250 1321 non
261 1305 337 1321 dicuntur
347 1303 435 1319 secundum
446 1303 516 1323 aliquam
527 1302 594 1318 causali-

219 1332 267 1346 tatem
278 1329 305 1345 Dei
315 1329 335 1345 ad
346 1330 431 1347 creaturas,
439 1328 481 1344 sicut
490 1332 525 1343 esse
536 1327 594 1343 intelli-

619 1081 753 1097 communicabile
765 1084 794 1100 est,
804 1081 859 1097 differt
869 1087 888 1097 ex
901 1084 958 1098 natura
970 1083 993 1098 rei

618 1106 639 1121 ab
651 1110 670 1122 eo
681 1106 724 1126 quod
738 1106 758 1121 ‹le
770 1111 787 1121 ae
799 1106 951 1122 incommunicabile
962 1109 992 1123 est,

619 1130 648 1146 Serl
658 1131 727 1146 essentia
736 1130 791 1146 divina
800 1131 820 1146 de
829 1135 846 1147 se
854 1131 993 1147 communicabilis

619 1157 648 1174 est,
657 1155 743 1175 paternitas
753 1158 806 1171 autem
817 1155 836 1171 de
843 1160 860 1171 se
870 1155 994 1172 incommunica-

619 1180 661 1195 bilis.
675 1179 715 1200 Ergo
729 1180 798 1195 essentia
810 1182 825 1195 et
838 1180 924 1201 paternitas
938 1181 994 1196 distin-

618 1207 689 1225 guuntur
701 1204 790 1220 formaliter
801 1210 820 1220 ex
833 1207 890 1220 natura
903 1205 931 1221 rei.
943 1205 962 1221 Et
974 1206 994 1221 do

619 1228 700 1244 attributis
712 1228 755 1244 idem
766 1229 835 1244 videtur.

639 1253 669 1268 lsta
680 1252 735 1273 opinio
746 1257 778 1269 non
789 1253 852 1269 videtur
861 1258 904 1272 vera,
913 1253 951 1274 quia
962 1258 993 1270 non

620 1280 644 1293 est
659 1277 734 1298 possibile
750 1277 820 1298 aliquam
836 1277 944 1294 differentiam
960 1283 995 1294 esse

621 1302 690 1318 mediam
698 1302 740 1318 inter
746 1302 855 1318 differentiam
865 1303 887 1318 rei
897 1305 913 1319 et
921 1303 996 1319 differen-

621 1327 660 1343 tiam
673 1327 744 1343 rationis.
758 1327 816 1346 Primo,
826 1327 903 1348 quoniam
917 1332 967 1344 unnm
979 1331 996 1344 et
