<?xml version="1.0" encoding="UTF-8"?>
<!DOCTYPE html PUBLIC "-//W3C//DTD XHTML 1.0 Transitional//EN"
    "http://www.w3.org/TR/xhtml1/DTD/xhtml1-transitional.dtd">
<html xmlns="http://www.w3.org/1999/xhtml" xml:lang="en" lang="en">
 <head>
  <title>
</title>
<meta http-equiv="Content-Type" content="text/html;charset=utf-8" />
  <meta name='ocr-system' content='tesseract 3.04.00' />
  <meta name='ocr-capabilities' content='ocr_page ocr_carea ocr_par ocr_line ocrx_word'/>
</head>
<body>
  <div class='ocr_page' id='page_1' title='image "./doctorisecstati08unkngoog/doctorisecstati08unkngoog_0550.png"; bbox 0 0 1088 1569; ppageno 0'>
   <div class='ocr_carea' id='block_1_1' title="bbox 255 136 727 151">
    <p class='ocr_par' dir='ltr' id='par_1_1' title="bbox 255 136 727 151">
     <span class='ocr_line' id='line_1_1' title="bbox 255 136 727 151; baseline -0.002 -2"><span class='ocrx_word' id='word_1_1' title='bbox 255 137 277 149; x_wconf 76' lang='lat' dir='ltr'><strong>,ut</strong></span> <span class='ocrx_word' id='word_1_2' title='bbox 286 137 337 150; x_wconf 74' lang='lat' dir='ltr'><strong>mssxo</strong></span> <span class='ocrx_word' id='word_1_3' title='bbox 347 137 365 149; x_wconf 72' lang='grc' dir='ltr'>Π</span> <span class='ocrx_word' id='word_1_4' title='bbox 376 137 422 149; x_wconf 80' lang='lat' dir='ltr'><strong>nfflo</strong></span> <span class='ocrx_word' id='word_1_5' title='bbox 432 136 528 148; x_wconf 59' lang='lat' dir='ltr'><strong>convniam·</strong></span> <span class='ocrx_word' id='word_1_6' title='bbox 538 136 595 148; x_wconf 70' lang='lat' dir='ltr'><strong>DlVl-le</strong></span> <span class='ocrx_word' id='word_1_7' title='bbox 606 136 684 151; x_wconf 68' lang='lat' dir='ltr'><strong>masoms,</strong></span> <span class='ocrx_word' id='word_1_8' title='bbox 694 136 727 148; x_wconf 72' lang='lat' dir='ltr'><strong>m.</strong></span> 
     </span>
    </p>
   </div>
   <div class='ocr_carea' id='block_1_2' title="bbox 849 132 879 148">
    <p class='ocr_par' dir='ltr' id='par_1_2' title="bbox 849 132 879 148">
     <span class='ocr_line' id='line_1_2' title="bbox 849 132 879 148; baseline -0.033 0"><span class='ocrx_word' id='word_1_9' title='bbox 849 132 879 148; x_wconf 75' lang='lat'><strong>5³³</strong></span> 
     </span>
    </p>
   </div>
   <div class='ocr_carea' id='block_1_3' title="bbox 100 178 879 201">
    <p class='ocr_par' dir='ltr' id='par_1_3' title="bbox 100 178 879 201">
     <span class='ocr_line' id='line_1_3' title="bbox 100 178 879 201; baseline -0.001 -5"><span class='ocrx_word' id='word_1_10' title='bbox 100 182 118 196; x_wconf 79' lang='lat' dir='ltr'><strong>et</strong></span> <span class='ocrx_word' id='word_1_11' title='bbox 130 185 139 196; x_wconf 87' lang='lat' dir='ltr'><strong>a</strong></span> <span class='ocrx_word' id='word_1_12' title='bbox 149 185 181 201; x_wconf 78' lang='lat' dir='ltr'><strong>qua</strong></span> <span class='ocrx_word' id='word_1_13' title='bbox 191 181 236 196; x_wconf 85' lang='lat' dir='ltr'><strong>nulla</strong></span> <span class='ocrx_word' id='word_1_14' title='bbox 246 185 313 201; x_wconf 81' lang='lat' dir='ltr'><strong>persona</strong></span> <span class='ocrx_word' id='word_1_15' title='bbox 322 180 381 196; x_wconf 82' lang='lat' dir='ltr'><strong>divina.</strong></span> <span class='ocrx_word' id='word_1_16' title='bbox 392 179 422 195; x_wconf 82' lang='lat' dir='ltr'><strong>Sed</strong></span> <span class='ocrx_word' id='word_1_17' title='bbox 433 179 498 195; x_wconf 80' lang='lat' dir='ltr'><strong>PaterA</strong></span> <span class='ocrx_word' id='word_1_18' title='bbox 506 178 569 197; x_wconf 76' lang='lat' dir='ltr'><strong>Filium,</strong></span> <span class='ocrx_word' id='word_1_19' title='bbox 583 181 598 195; x_wconf 80' lang='lat' dir='ltr'><strong>ct</strong></span> <span class='ocrx_word' id='word_1_20' title='bbox 613 179 681 195; x_wconf 76' lang='lat' dir='ltr'>Trinitas</span> <span class='ocrx_word' id='word_1_21' title='bbox 695 179 744 195; x_wconf 80' lang='lat' dir='ltr'><strong>mittit</strong></span> <span class='ocrx_word' id='word_1_22' title='bbox 759 179 817 195; x_wconf 76' lang='lat' dir='ltr'><strong>Filium</strong></span> <span class='ocrx_word' id='word_1_23' title='bbox 830 183 834 194; x_wconf 79' lang='lat' dir='ltr'><strong>t</strong></span> <span class='ocrx_word' id='word_1_24' title='bbox 847 184 879 195; x_wconf 87' lang='lat' dir='ltr'><strong>uon</strong></span> 
     </span>
    </p>
   </div>
   <div class='ocr_carea' id='block_1_4' title="bbox 100 204 479 469">
    <p class='ocr_par' dir='ltr' id='par_1_4' title="bbox 100 204 479 469">
     <span class='ocr_line' id='line_1_4' title="bbox 100 204 479 226; baseline -0.003 -6"><span class='ocrx_word' id='word_1_25' title='bbox 100 205 162 220; x_wconf 86' lang='lat' dir='ltr'><strong>dicitur</strong></span> <span class='ocrx_word' id='word_1_26' title='bbox 169 205 237 224; x_wconf 83' lang='lat' dir='ltr'><strong>mittere,</strong></span> <span class='ocrx_word' id='word_1_27' title='bbox 246 205 284 226; x_wconf 80' lang='lat' dir='ltr'><strong>quia</strong></span> <span class='ocrx_word' id='word_1_28' title='bbox 294 205 314 220; x_wconf 82' lang='lat' dir='ltr'><strong>ah</strong></span> <span class='ocrx_word' id='word_1_29' title='bbox 325 204 359 225; x_wconf 86' lang='lat' dir='ltr'><strong>ipso</strong></span> <span class='ocrx_word' id='word_1_30' title='bbox 370 206 393 220; x_wconf 78' lang='lat' dir='ltr'><strong>est</strong></span> <span class='ocrx_word' id='word_1_31' title='bbox 403 204 435 219; x_wconf 86' lang='lat' dir='ltr'><strong>alia</strong></span> <span class='ocrx_word' id='word_1_32' title='bbox 444 208 479 224; x_wconf 78' lang='lat' dir='ltr'><strong>pcr-</strong></span> 
     </span>
     <span class='ocr_line' id='line_1_5' title="bbox 100 229 479 249; baseline -0.003 -4"><span class='ocrx_word' id='word_1_33' title='bbox 100 234 150 249; x_wconf 79' lang='lat' dir='ltr'><strong>sona3</strong></span> <span class='ocrx_word' id='word_1_34' title='bbox 159 230 200 245; x_wconf 88' lang='lat' dir='ltr'><strong>mitti</strong></span> <span class='ocrx_word' id='word_1_35' title='bbox 209 234 247 246; x_wconf 83' lang='lat' dir='ltr'><strong>vero</strong></span> <span class='ocrx_word' id='word_1_36' title='bbox 254 234 286 245; x_wconf 86' lang='lat' dir='ltr'><strong>non</strong></span> <span class='ocrx_word' id='word_1_37' title='bbox 296 229 361 248; x_wconf 86' lang='lat' dir='ltr'><strong>dicitur,</strong></span> <span class='ocrx_word' id='word_1_38' title='bbox 370 229 407 249; x_wconf 79' lang='lat' dir='ltr'><strong>quia</strong></span> <span class='ocrx_word' id='word_1_39' title='bbox 416 233 447 244; x_wconf 91' lang='lat' dir='ltr'><strong>non</strong></span> <span class='ocrx_word' id='word_1_40' title='bbox 455 230 479 244; x_wconf 79' lang='lat' dir='ltr'><strong>eat</strong></span> 
     </span>
     <span class='ocr_line' id='line_1_6' title="bbox 100 253 477 275; baseline -0.005 -5"><span class='ocrx_word' id='word_1_41' title='bbox 100 254 122 270; x_wconf 76' lang='lat' dir='ltr'><strong>ab</strong></span> <span class='ocrx_word' id='word_1_42' title='bbox 130 254 162 270; x_wconf 80' lang='lat' dir='ltr'><strong>alia</strong></span> <span class='ocrx_word' id='word_1_43' title='bbox 170 259 242 275; x_wconf 80' lang='lat' dir='ltr'><strong>persona.</strong></span> <span class='ocrx_word' id='word_1_44' title='bbox 251 254 300 270; x_wconf 73' lang='lat' dir='ltr'><strong>Filius</strong></span> <span class='ocrx_word' id='word_1_45' title='bbox 308 256 361 270; x_wconf 84' lang='lat' dir='ltr'><strong>autem</strong></span> <span class='ocrx_word' id='word_1_46' title='bbox 369 253 429 269; x_wconf 82' lang='lat' dir='ltr'><strong>dicitur</strong></span> <span class='ocrx_word' id='word_1_47' title='bbox 436 253 477 268; x_wconf 90' lang='lat' dir='ltr'><strong>mitti</strong></span> 
     </span>
     <span class='ocr_line' id='line_1_7' title="bbox 101 277 478 299; baseline -0.003 -5"><span class='ocrx_word' id='word_1_48' title='bbox 101 281 117 294; x_wconf 85' lang='lat' dir='ltr'><strong>et</strong></span> <span class='ocrx_word' id='word_1_49' title='bbox 125 279 195 298; x_wconf 79' lang='lat' dir='ltr'><strong>mittere,</strong></span> <span class='ocrx_word' id='word_1_50' title='bbox 203 279 241 299; x_wconf 81' lang='lat' dir='ltr'><strong>quia</strong></span> <span class='ocrx_word' id='word_1_51' title='bbox 249 279 269 295; x_wconf 71' lang='lat' dir='ltr'><strong>nl&gt;</strong></span> <span class='ocrx_word' id='word_1_52' title='bbox 277 279 308 295; x_wconf 81' lang='lat' dir='ltr'><strong>alio</strong></span> <span class='ocrx_word' id='word_1_53' title='bbox 316 281 345 297; x_wconf 78' lang='lat' dir='ltr'><strong>est,</strong></span> <span class='ocrx_word' id='word_1_54' title='bbox 353 280 368 294; x_wconf 86' lang='lat' dir='ltr'><strong>et</strong></span> <span class='ocrx_word' id='word_1_55' title='bbox 379 278 420 294; x_wconf 82' lang='lat' dir='ltr'><strong>alins</strong></span> <span class='ocrx_word' id='word_1_56' title='bbox 427 280 452 293; x_wconf 79' lang='lat' dir='ltr'><strong>est</strong></span> <span class='ocrx_word' id='word_1_57' title='bbox 458 277 478 293; x_wconf 87' lang='lat' dir='ltr'><strong>ab</strong></span> 
     </span>
     <span class='ocr_line' id='line_1_8' title="bbox 101 302 479 324; baseline -0.003 -5"><span class='ocrx_word' id='word_1_58' title='bbox 101 304 143 324; x_wconf 80' lang='lat' dir='ltr'><strong>ipso.</strong></span> <span class='ocrx_word' id='word_1_59' title='bbox 155 303 196 324; x_wconf 74' lang='lat' dir='ltr'><strong>Ergo</strong></span> <span class='ocrx_word' id='word_1_60' title='bbox 208 303 277 324; x_wconf 77' lang='lat' dir='ltr'>Spiritus</span> <span class='ocrx_word' id='word_1_61' title='bbox 289 303 355 319; x_wconf 82' lang='lat' dir='ltr'><strong>Sanctus</strong></span> <span class='ocrx_word' id='word_1_62' title='bbox 367 303 430 318; x_wconf 80' lang='lat' dir='ltr'><strong>dicetur</strong></span> <span class='ocrx_word' id='word_1_63' title='bbox 442 302 479 318; x_wconf 51' lang='lat' dir='ltr'><strong>ruis</strong></span> 
     </span>
     <span class='ocr_line' id='line_1_9' title="bbox 101 327 479 349; baseline -0.005 -5"><span class='ocrx_word' id='word_1_64' title='bbox 101 333 135 347; x_wconf 87' lang='lat' dir='ltr'><strong>sus,</strong></span> <span class='ocrx_word' id='word_1_65' title='bbox 146 328 184 349; x_wconf 78' lang='lat' dir='ltr'><strong>quia</strong></span> <span class='ocrx_word' id='word_1_66' title='bbox 196 328 216 344; x_wconf 78' lang='lat' dir='ltr'><strong>ab</strong></span> <span class='ocrx_word' id='word_1_67' title='bbox 228 328 267 348; x_wconf 84' lang='lat' dir='ltr'><strong>alio;</strong></span> <span class='ocrx_word' id='word_1_68' title='bbox 275 328 302 344; x_wconf 80' lang='lat' dir='ltr'><strong>sed</strong></span> <span class='ocrx_word' id='word_1_69' title='bbox 315 332 347 344; x_wconf 86' lang='lat' dir='ltr'><strong>nou</strong></span> <span class='ocrx_word' id='word_1_70' title='bbox 359 328 430 345; x_wconf 85' lang='lat' dir='ltr'><strong>mittens,</strong></span> <span class='ocrx_word' id='word_1_71' title='bbox 441 327 479 347; x_wconf 85' lang='lat' dir='ltr'><strong>quia</strong></span> 
     </span>
     <span class='ocr_line' id='line_1_10' title="bbox 101 351 478 373; baseline -0.003 -5"><span class='ocrx_word' id='word_1_72' title='bbox 101 353 158 368; x_wconf 85' lang='lat' dir='ltr'><strong>nullus</strong></span> <span class='ocrx_word' id='word_1_73' title='bbox 165 353 185 368; x_wconf 85' lang='lat' dir='ltr'><strong>ab</strong></span> <span class='ocrx_word' id='word_1_74' title='bbox 193 353 234 373; x_wconf 69' lang='lat' dir='ltr'><strong>ipw.</strong></span> <span class='ocrx_word' id='word_1_75' title='bbox 242 353 282 373; x_wconf 76' lang='lat' dir='ltr'><strong>Ergo</strong></span> <span class='ocrx_word' id='word_1_76' title='bbox 292 353 355 368; x_wconf 82' lang='lat' dir='ltr'><strong>mittere</strong></span> <span class='ocrx_word' id='word_1_77' title='bbox 364 357 395 368; x_wconf 90' lang='lat' dir='ltr'><strong>non</strong></span> <span class='ocrx_word' id='word_1_78' title='bbox 404 351 478 368; x_wconf 82' lang='lat' dir='ltr'><strong>convenit</strong></span> 
     </span>
     <span class='ocr_line' id='line_1_11' title="bbox 101 377 478 396; baseline -0.003 -3"><span class='ocrx_word' id='word_1_79' title='bbox 101 377 131 393; x_wconf 87' lang='lat' dir='ltr'><strong>toti</strong></span> <span class='ocrx_word' id='word_1_80' title='bbox 139 377 219 396; x_wconf 80' lang='lat' dir='ltr'><strong>Trinitati,</strong></span> <span class='ocrx_word' id='word_1_81' title='bbox 227 377 268 393; x_wconf 80' lang='lat' dir='ltr'><strong>sicut</strong></span> <span class='ocrx_word' id='word_1_82' title='bbox 276 382 305 393; x_wconf 83' lang='lat' dir='ltr'><strong>nee</strong></span> <span class='ocrx_word' id='word_1_83' title='bbox 313 377 360 393; x_wconf 87' lang='lat' dir='ltr'><strong>mitti.</strong></span> <span class='ocrx_word' id='word_1_84' title='bbox 370 386 387 388; x_wconf 97' lang='lat'><strong>—</strong></span> <span class='ocrx_word' id='word_1_85' title='bbox 395 377 478 395; x_wconf 72' lang='lat' dir='ltr'><strong>Praeterea,</strong></span> 
     </span>
     <span class='ocr_line' id='line_1_12' title="bbox 101 401 478 418; baseline -0.003 0"><span class='ocrx_word' id='word_1_86' title='bbox 101 402 115 418; x_wconf 85' lang='lat' dir='ltr'><strong>si</strong></span> <span class='ocrx_word' id='word_1_87' title='bbox 127 404 160 418; x_wconf 71' lang='lat' dir='ltr'><strong>tota</strong></span> <span class='ocrx_word' id='word_1_88' title='bbox 169 402 237 418; x_wconf 69' lang='lat' dir='ltr'><strong>Trinitas</strong></span> <span class='ocrx_word' id='word_1_89' title='bbox 249 402 310 418; x_wconf 70' lang='lat' dir='ltr'><strong>mione</strong></span> <span class='ocrx_word' id='word_1_90' title='bbox 320 402 388 418; x_wconf 75' lang='lat' dir='ltr'><strong>effectus</strong></span> <span class='ocrx_word' id='word_1_91' title='bbox 398 401 478 417; x_wconf 67' lang='lat' dir='ltr'><strong>connotati</strong></span> 
     </span>
     <span class='ocr_line' id='line_1_13' title="bbox 102 426 479 447; baseline -0.003 -5"><span class='ocrx_word' id='word_1_92' title='bbox 102 427 173 442; x_wconf 84' lang='lat' dir='ltr'><strong>mitteret</strong></span> <span class='ocrx_word' id='word_1_93' title='bbox 183 427 261 447; x_wconf 88' lang='lat' dir='ltr'><strong>Spiritum</strong></span> <span class='ocrx_word' id='word_1_94' title='bbox 272 427 354 445; x_wconf 87' lang='lat' dir='ltr'><strong>Sanctum,</strong></span> <span class='ocrx_word' id='word_1_95' title='bbox 362 431 412 447; x_wconf 79' lang='lat' dir='ltr'><strong>quum</strong></span> <span class='ocrx_word' id='word_1_96' title='bbox 422 426 479 442; x_wconf 84' lang='lat' dir='ltr'><strong>simili-</strong></span> 
     </span>
     <span class='ocr_line' id='line_1_14' title="bbox 101 451 478 469; baseline -0.003 -2"><span class='ocrx_word' id='word_1_97' title='bbox 101 454 128 467; x_wconf 76' lang='lat' dir='ltr'><strong>ter</strong></span> <span class='ocrx_word' id='word_1_98' title='bbox 137 453 232 467; x_wconf 82' lang='lat' dir='ltr'><strong>counotetur</strong></span> <span class='ocrx_word' id='word_1_99' title='bbox 243 451 310 467; x_wconf 73' lang='lat' dir='ltr'><strong>eftectus</strong></span> <span class='ocrx_word' id='word_1_100' title='bbox 321 451 337 467; x_wconf 91' lang='lat' dir='ltr'><strong>iu</strong></span> <span class='ocrx_word' id='word_1_101' title='bbox 349 451 384 467; x_wconf 79' lang='lat' dir='ltr'><strong>Filii</strong></span> <span class='ocrx_word' id='word_1_102' title='bbox 397 451 478 469; x_wconf 76' lang='lat' dir='ltr'><strong>missione,</strong></span> 
     </span>
    </p>
   </div>
   <div class='ocr_carea' id='block_1_5' title="bbox 506 203 882 471">
    <p class='ocr_par' dir='ltr' id='par_1_5' title="bbox 506 203 881 342">
     <span class='ocr_line' id='line_1_15' title="bbox 506 203 881 225; baseline 0 -6"><span class='ocrx_word' id='word_1_103' title='bbox 506 203 544 223; x_wconf 78' lang='lat' dir='ltr'><strong>quia</strong></span> <span class='ocrx_word' id='word_1_104' title='bbox 554 203 622 219; x_wconf 84' lang='lat' dir='ltr'><strong>Trinitas</strong></span> <span class='ocrx_word' id='word_1_105' title='bbox 634 204 658 220; x_wconf 83' lang='lat' dir='ltr'><strong>vel</strong></span> <span class='ocrx_word' id='word_1_106' title='bbox 670 204 738 225; x_wconf 74' lang='lat' dir='ltr'><strong>Spiritus</strong></span> <span class='ocrx_word' id='word_1_107' title='bbox 749 203 816 219; x_wconf 79' lang='lat' dir='ltr'><strong>Sanctus</strong></span> <span class='ocrx_word' id='word_1_108' title='bbox 827 208 881 224; x_wconf 79' lang='lat' dir='ltr'><strong>opere-</strong></span> 
     </span>
     <span class='ocr_line' id='line_1_16' title="bbox 506 228 881 249; baseline 0.003 -6"><span class='ocrx_word' id='word_1_109' title='bbox 506 230 532 243; x_wconf 88' lang='lat' dir='ltr'><strong>tur</strong></span> <span class='ocrx_word' id='word_1_110' title='bbox 542 233 571 249; x_wconf 81' lang='lat' dir='ltr'><strong>per</strong></span> <span class='ocrx_word' id='word_1_111' title='bbox 581 228 643 247; x_wconf 75' lang='lat' dir='ltr'><strong>Filium,</strong></span> <span class='ocrx_word' id='word_1_112' title='bbox 652 229 678 244; x_wconf 81' lang='lat' dir='ltr'><strong>sed</strong></span> <span class='ocrx_word' id='word_1_113' title='bbox 689 229 727 249; x_wconf 87' lang='lat' dir='ltr'><strong>quia</strong></span> <span class='ocrx_word' id='word_1_114' title='bbox 734 228 802 244; x_wconf 78' lang='lat' dir='ltr'><strong>Trinitas</strong></span> <span class='ocrx_word' id='word_1_115' title='bbox 811 228 836 244; x_wconf 91' lang='lat' dir='ltr'><strong>vel</strong></span> <span class='ocrx_word' id='word_1_116' title='bbox 846 228 881 249; x_wconf 88' lang='lat' dir='ltr'><strong>Spi-</strong></span> 
     </span>
     <span class='ocr_line' id='line_1_17' title="bbox 506 253 880 274; baseline 0 -5"><span class='ocrx_word' id='word_1_117' title='bbox 506 253 546 269; x_wconf 81' lang='lat' dir='ltr'><strong>ritus</strong></span> <span class='ocrx_word' id='word_1_118' title='bbox 557 253 624 269; x_wconf 88' lang='lat' dir='ltr'><strong>Sanctus</strong></span> <span class='ocrx_word' id='word_1_119' title='bbox 635 258 664 274; x_wconf 81' lang='lat' dir='ltr'><strong>per</strong></span> <span class='ocrx_word' id='word_1_120' title='bbox 673 253 742 274; x_wconf 86' lang='lat' dir='ltr'><strong>aliquem</strong></span> <span class='ocrx_word' id='word_1_121' title='bbox 753 253 829 269; x_wconf 80' lang='lat' dir='ltr'><strong>ellectum</strong></span> <span class='ocrx_word' id='word_1_122' title='bbox 840 253 880 269; x_wconf 76' lang='lat' dir='ltr'><strong>Filio</strong></span> 
     </span>
     <span class='ocr_line' id='line_1_18' title="bbox 506 277 880 298; baseline 0 -5"><span class='ocrx_word' id='word_1_123' title='bbox 506 278 627 298; x_wconf 84' lang='lat' dir='ltr'><strong>appropriatum</strong></span> <span class='ocrx_word' id='word_1_124' title='bbox 639 278 731 294; x_wconf 69' lang='lat' dir='ltr'><strong>manifestat</strong></span> <span class='ocrx_word' id='word_1_125' title='bbox 744 278 805 293; x_wconf 85' lang='lat' dir='ltr'><strong>Patrem</strong></span> <span class='ocrx_word' id='word_1_126' title='bbox 817 277 880 298; x_wconf 80' lang='lat' dir='ltr'><strong>operari</strong></span> 
     </span>
     <span class='ocr_line' id='line_1_19' title="bbox 506 302 880 323; baseline 0 -5"><span class='ocrx_word' id='word_1_127' title='bbox 506 307 535 323; x_wconf 82' lang='lat' dir='ltr'><strong>per</strong></span> <span class='ocrx_word' id='word_1_128' title='bbox 546 302 604 318; x_wconf 75' lang='lat' dir='ltr'><strong>Filium</strong></span> <span class='ocrx_word' id='word_1_129' title='bbox 618 307 621 318; x_wconf 74' lang='grc' dir='ltr'><em>τ</em></span> <span class='ocrx_word' id='word_1_130' title='bbox 635 305 650 318; x_wconf 90' lang='lat' dir='ltr'><strong>et</strong></span> <span class='ocrx_word' id='word_1_131' title='bbox 663 303 693 318; x_wconf 88' lang='lat' dir='ltr'><strong>hoc</strong></span> <span class='ocrx_word' id='word_1_132' title='bbox 707 302 748 318; x_wconf 76' lang='lat' dir='ltr'><strong>bene</strong></span> <span class='ocrx_word' id='word_1_133' title='bbox 762 302 838 318; x_wconf 83' lang='lat' dir='ltr'><strong>convenit</strong></span> <span class='ocrx_word' id='word_1_134' title='bbox 852 302 880 318; x_wconf 87' lang='lat' dir='ltr'><strong>toti</strong></span> 
     </span>
     <span class='ocr_line' id='line_1_20' title="bbox 506 326 584 342; baseline 0 0"><span class='ocrx_word' id='word_1_135' title='bbox 506 326 584 342; x_wconf 74' lang='lat' dir='ltr'><strong>Trinitati.</strong></span> 
     </span>
    </p>

    <p class='ocr_par' dir='ltr' id='par_1_6' title="bbox 506 351 882 471">
     <span class='ocr_line' id='line_1_21' title="bbox 526 351 881 370; baseline 0 -3"><span class='ocrx_word' id='word_1_136' title='bbox 526 351 573 367; x_wconf 84' lang='lat' dir='ltr'><strong>Ferro</strong></span> <span class='ocrx_word' id='word_1_137' title='bbox 580 352 668 367; x_wconf 77' lang='lat' dir='ltr'><strong>secundnm</strong></span> <span class='ocrx_word' id='word_1_138' title='bbox 678 351 723 370; x_wconf 77' lang='lat' dir='ltr'><strong>alios,</strong></span> <span class='ocrx_word' id='word_1_139' title='bbox 732 351 778 367; x_wconf 85' lang='lat' dir='ltr'><strong>aliter</strong></span> <span class='ocrx_word' id='word_1_140' title='bbox 785 351 881 367; x_wconf 77' lang='lat' dir='ltr'><strong>determina-</strong></span> 
     </span>
     <span class='ocr_line' id='line_1_22' title="bbox 506 376 881 397; baseline 0 -5"><span class='ocrx_word' id='word_1_141' title='bbox 506 378 532 391; x_wconf 92' lang='lat' dir='ltr'><strong>tur</strong></span> <span class='ocrx_word' id='word_1_142' title='bbox 542 381 561 392; x_wconf 78' lang='lat' dir='ltr'><strong>ac</strong></span> <span class='ocrx_word' id='word_1_143' title='bbox 573 376 642 392; x_wconf 79' lang='lat' dir='ltr'><strong>sumitur</strong></span> <span class='ocrx_word' id='word_1_144' title='bbox 652 376 707 392; x_wconf 86' lang='lat' dir='ltr'><strong>missio</strong></span> <span class='ocrx_word' id='word_1_145' title='bbox 717 376 786 397; x_wconf 86' lang='lat' dir='ltr'><strong>Spiritus</strong></span> <span class='ocrx_word' id='word_1_146' title='bbox 796 376 855 395; x_wconf 77' lang='lat' dir='ltr'><strong>Sancti,</strong></span> <span class='ocrx_word' id='word_1_147' title='bbox 864 378 881 391; x_wconf 89' lang='lat' dir='ltr'><strong>ut</strong></span> 
     </span>
     <span class='ocr_line' id='line_1_23' title="bbox 506 400 882 422; baseline -0.003 -5"><span class='ocrx_word' id='word_1_148' title='bbox 506 401 567 417; x_wconf 80' lang='lat' dir='ltr'><strong>scilicet</strong></span> <span class='ocrx_word' id='word_1_149' title='bbox 582 401 634 422; x_wconf 87' lang='lat' dir='ltr'><strong>primo</strong></span> <span class='ocrx_word' id='word_1_150' title='bbox 646 406 664 417; x_wconf 83' lang='lat' dir='ltr'><strong>ac</strong></span> <span class='ocrx_word' id='word_1_151' title='bbox 678 401 788 422; x_wconf 71' lang='lat' dir='ltr'><strong>principaliter</strong></span> <span class='ocrx_word' id='word_1_152' title='bbox 800 400 882 421; x_wconf 68' lang='lat' dir='ltr'><strong>significet</strong></span> 
     </span>
     <span class='ocr_line' id='line_1_24' title="bbox 506 425 881 444; baseline 0 -3"><span class='ocrx_word' id='word_1_153' title='bbox 506 426 593 444; x_wconf 86' lang='lat' dir='ltr'><strong>notionem,</strong></span> <span class='ocrx_word' id='word_1_154' title='bbox 601 426 695 441; x_wconf 79' lang='lat' dir='ltr'><strong>secundario</strong></span> <span class='ocrx_word' id='word_1_155' title='bbox 703 428 756 441; x_wconf 86' lang='lat' dir='ltr'><strong>autem</strong></span> <span class='ocrx_word' id='word_1_156' title='bbox 766 425 845 441; x_wconf 74' lang='lat' dir='ltr'><strong>actionem</strong></span> <span class='ocrx_word' id='word_1_157' title='bbox 853 430 881 441; x_wconf 83' lang='lat' dir='ltr'><strong>seu</strong></span> 
     </span>
     <span class='ocr_line' id='line_1_25' title="bbox 506 450 882 471; baseline 0 -5"><span class='ocrx_word' id='word_1_158' title='bbox 506 450 650 466; x_wconf 65' lang='lat' dir='ltr'><strong>manifestationem</strong></span> <span class='ocrx_word' id='word_1_159' title='bbox 659 455 691 471; x_wconf 78' lang='lat' dir='ltr'><strong>qua</strong></span> <span class='ocrx_word' id='word_1_160' title='bbox 700 450 744 466; x_wconf 87' lang='lat' dir='ltr'><strong>notio</strong></span> <span class='ocrx_word' id='word_1_161' title='bbox 754 450 781 466; x_wconf 84' lang='lat' dir='ltr'><strong>illa</strong></span> <span class='ocrx_word' id='word_1_162' title='bbox 790 450 882 466; x_wconf 78' lang='lat' dir='ltr'><strong>manifesta-</strong></span> 
     </span>
    </p>
   </div>
   <div class='ocr_carea' id='block_1_6' title="bbox 101 474 881 496">
    <p class='ocr_par' dir='ltr' id='par_1_7' title="bbox 101 474 881 496">
     <span class='ocr_line' id='line_1_26' title="bbox 101 474 881 496; baseline -0.001 -5"><span class='ocrx_word' id='word_1_163' title='bbox 101 478 135 492; x_wconf 76' lang='lat' dir='ltr'><strong>tota</strong></span> <span class='ocrx_word' id='word_1_164' title='bbox 143 476 212 491; x_wconf 82' lang='lat' dir='ltr'><strong>Trinitas</strong></span> <span class='ocrx_word' id='word_1_165' title='bbox 220 476 291 491; x_wconf 86' lang='lat' dir='ltr'><strong>mitteret</strong></span> <span class='ocrx_word' id='word_1_166' title='bbox 298 476 421 496; x_wconf 82' lang='lat' dir='ltr'><strong>Filium,sicque</strong></span> <span class='ocrx_word' id='word_1_167' title='bbox 429 475 479 491; x_wconf 77' lang='lat' dir='ltr'><strong>Filius</strong></span> <span class='ocrx_word' id='word_1_168' title='bbox 487 474 499 490; x_wconf 85' lang='lat' dir='ltr'>B</span> <span class='ocrx_word' id='word_1_169' title='bbox 506 477 532 490; x_wconf 94' lang='lat' dir='ltr'><strong>tur</strong></span> <span class='ocrx_word' id='word_1_170' title='bbox 544 479 573 495; x_wconf 88' lang='lat' dir='ltr'><strong>per</strong></span> <span class='ocrx_word' id='word_1_171' title='bbox 583 475 653 495; x_wconf 79' lang='lat' dir='ltr'><strong>aliqucm</strong></span> <span class='ocrx_word' id='word_1_172' title='bbox 666 475 748 491; x_wconf 76' lang='lat' dir='ltr'><strong>eflectum.</strong></span> <span class='ocrx_word' id='word_1_173' title='bbox 756 475 814 495; x_wconf 84' lang='lat' dir='ltr'><strong>Sicque</strong></span> <span class='ocrx_word' id='word_1_174' title='bbox 826 474 881 490; x_wconf 84' lang='lat' dir='ltr'><strong>missio</strong></span> 
     </span>
    </p>
   </div>
   <div class='ocr_carea' id='block_1_7' title="bbox 101 500 479 766">
    <p class='ocr_par' dir='ltr' id='par_1_8' title="bbox 101 500 479 715">
     <span class='ocr_line' id='line_1_27' title="bbox 102 500 478 521; baseline 0 -5"><span class='ocrx_word' id='word_1_175' title='bbox 102 500 194 516; x_wconf 72' lang='lat' dir='ltr'><strong>mitteretur</strong></span> <span class='ocrx_word' id='word_1_176' title='bbox 205 505 214 516; x_wconf 79' lang='lat' dir='ltr'><strong>a</strong></span> <span class='ocrx_word' id='word_1_177' title='bbox 227 500 287 521; x_wconf 80' lang='lat' dir='ltr'><strong>Spiritu</strong></span> <span class='ocrx_word' id='word_1_178' title='bbox 302 500 359 516; x_wconf 76' lang='lat' dir='ltr'><strong>Sancto</strong></span> <span class='ocrx_word' id='word_1_179' title='bbox 371 505 375 516; x_wconf 71' lang='grc' dir='ltr'><em>τ</em></span> <span class='ocrx_word' id='word_1_180' title='bbox 388 500 431 521; x_wconf 78' lang='lat' dir='ltr'><strong>quod</strong></span> <span class='ocrx_word' id='word_1_181' title='bbox 447 504 478 516; x_wconf 87' lang='lat' dir='ltr'><strong>uon</strong></span> 
     </span>
     <span class='ocr_line' id='line_1_28' title="bbox 102 525 479 541; baseline -0.003 0"><span class='ocrx_word' id='word_1_182' title='bbox 102 525 185 541; x_wconf 83' lang='lat' dir='ltr'><strong>invenitur</strong></span> <span class='ocrx_word' id='word_1_183' title='bbox 196 525 215 541; x_wconf 85' lang='lat' dir='ltr'><strong>de</strong></span> <span class='ocrx_word' id='word_1_184' title='bbox 228 525 267 541; x_wconf 77' lang='lat' dir='ltr'><strong>Filio</strong></span> <span class='ocrx_word' id='word_1_185' title='bbox 280 525 310 541; x_wconf 83' lang='lat' dir='ltr'><strong>nisi</strong></span> <span class='ocrx_word' id='word_1_186' title='bbox 323 525 410 541; x_wconf 71' lang='lat' dir='ltr'><strong>secundum</strong></span> <span class='ocrx_word' id='word_1_187' title='bbox 424 525 479 540; x_wconf 79' lang='lat' dir='ltr'><strong>huma-</strong></span> 
     </span>
     <span class='ocr_line' id='line_1_29' title="bbox 101 549 478 570; baseline -0.003 -5"><span class='ocrx_word' id='word_1_188' title='bbox 101 554 140 565; x_wconf 73' lang='lat' dir='ltr'><strong>nam</strong></span> <span class='ocrx_word' id='word_1_189' title='bbox 148 551 227 565; x_wconf 76' lang='lat' dir='ltr'><strong>naturam.</strong></span> <span class='ocrx_word' id='word_1_190' title='bbox 236 558 256 561; x_wconf 89' lang='lat'><strong>—-</strong></span> <span class='ocrx_word' id='word_1_191' title='bbox 263 549 335 570; x_wconf 82' lang='lat' dir='ltr'><strong>insuper,</strong></span> <span class='ocrx_word' id='word_1_192' title='bbox 343 549 407 565; x_wconf 75' lang='lat' dir='ltr'><strong>mittere</strong></span> <span class='ocrx_word' id='word_1_193' title='bbox 414 549 478 567; x_wconf 75' lang='lat' dir='ltr'><strong>Filium,</strong></span> 
     </span>
     <span class='ocr_line' id='line_1_30' title="bbox 101 573 478 594; baseline -0.003 -4"><span class='ocrx_word' id='word_1_194' title='bbox 101 576 127 590; x_wconf 71' lang='lat' dir='ltr'><strong>est</strong></span> <span class='ocrx_word' id='word_1_195' title='bbox 134 574 195 594; x_wconf 83' lang='lat' dir='ltr'><strong>aliquid</strong></span> <span class='ocrx_word' id='word_1_196' title='bbox 203 574 266 594; x_wconf 85' lang='lat' dir='ltr'><strong>operari</strong></span> <span class='ocrx_word' id='word_1_197' title='bbox 277 579 305 594; x_wconf 78' lang='lat' dir='ltr'><strong>per</strong></span> <span class='ocrx_word' id='word_1_198' title='bbox 313 573 370 589; x_wconf 81' lang='lat' dir='ltr'><strong>Filium</strong></span> <span class='ocrx_word' id='word_1_199' title='bbox 380 573 396 589; x_wconf 88' lang='lat' dir='ltr'><strong>in</strong></span> <span class='ocrx_word' id='word_1_200' title='bbox 406 575 478 589; x_wconf 74' lang='lat' dir='ltr'><strong>creatura</strong></span> 
     </span>
     <span class='ocr_line' id='line_1_31' title="bbox 102 598 479 619; baseline -0.003 -5"><span class='ocrx_word' id='word_1_201' title='bbox 102 598 183 615; x_wconf 75' lang='lat' dir='ltr'><strong>rationali.</strong></span> <span class='ocrx_word' id='word_1_202' title='bbox 191 598 221 614; x_wconf 82' lang='lat' dir='ltr'><strong>Sed</strong></span> <span class='ocrx_word' id='word_1_203' title='bbox 229 598 291 619; x_wconf 83' lang='lat' dir='ltr'><strong>operari</strong></span> <span class='ocrx_word' id='word_1_204' title='bbox 300 603 329 619; x_wconf 83' lang='lat' dir='ltr'><strong>per</strong></span> <span class='ocrx_word' id='word_1_205' title='bbox 336 598 394 614; x_wconf 78' lang='lat' dir='ltr'><strong>Filium</strong></span> <span class='ocrx_word' id='word_1_206' title='bbox 402 602 434 614; x_wconf 89' lang='lat' dir='ltr'><strong>non</strong></span> <span class='ocrx_word' id='word_1_207' title='bbox 442 602 479 614; x_wconf 87' lang='lat' dir='ltr'><strong>con-</strong></span> 
     </span>
     <span class='ocr_line' id='line_1_32' title="bbox 101 622 479 643; baseline -0.003 -4"><span class='ocrx_word' id='word_1_208' title='bbox 101 623 148 639; x_wconf 77' lang='lat' dir='ltr'><strong>venit</strong></span> <span class='ocrx_word' id='word_1_209' title='bbox 158 623 186 639; x_wconf 84' lang='lat' dir='ltr'><strong>toti</strong></span> <span class='ocrx_word' id='word_1_210' title='bbox 196 623 269 639; x_wconf 74' lang='lat' dir='ltr'><strong>Trinitati</strong></span> <span class='ocrx_word' id='word_1_211' title='bbox 281 628 284 639; x_wconf 76' lang='lat' dir='ltr'><em>z</em></span> <span class='ocrx_word' id='word_1_212' title='bbox 295 627 332 643; x_wconf 77' lang='lat' dir='ltr'><strong>ergo</strong></span> <span class='ocrx_word' id='word_1_213' title='bbox 343 627 372 638; x_wconf 80' lang='lat' dir='ltr'><strong>nec</strong></span> <span class='ocrx_word' id='word_1_214' title='bbox 382 623 445 638; x_wconf 87' lang='lat' dir='ltr'><strong>mittere</strong></span> <span class='ocrx_word' id='word_1_215' title='bbox 455 622 479 638; x_wconf 78' lang='lat' dir='ltr'><strong>Fi-</strong></span> 
     </span>
     <span class='ocr_line' id='line_1_33' title="bbox 102 647 479 667; baseline -0.003 -4"><span class='ocrx_word' id='word_1_216' title='bbox 102 648 144 663; x_wconf 87' lang='lat' dir='ltr'><strong>lium</strong></span> <span class='ocrx_word' id='word_1_217' title='bbox 152 648 180 664; x_wconf 88' lang='lat' dir='ltr'><strong>toti</strong></span> <span class='ocrx_word' id='word_1_218' title='bbox 190 647 265 663; x_wconf 73' lang='lat' dir='ltr'><strong>convenit</strong></span> <span class='ocrx_word' id='word_1_219' title='bbox 273 647 352 666; x_wconf 85' lang='lat' dir='ltr'><strong>Trinitati,</strong></span> <span class='ocrx_word' id='word_1_220' title='bbox 360 652 397 667; x_wconf 77' lang='lat' dir='ltr'><strong>ergo</strong></span> <span class='ocrx_word' id='word_1_221' title='bbox 405 647 479 663; x_wconf 80' lang='lat' dir='ltr'><strong>similiter</strong></span> 
     </span>
     <span class='ocr_line' id='line_1_34' title="bbox 102 671 479 693; baseline -0.003 -5"><span class='ocrx_word' id='word_1_222' title='bbox 102 677 133 688; x_wconf 87' lang='lat' dir='ltr'><strong>nec</strong></span> <span class='ocrx_word' id='word_1_223' title='bbox 141 672 204 688; x_wconf 83' lang='lat' dir='ltr'><strong>mittere</strong></span> <span class='ocrx_word' id='word_1_224' title='bbox 214 672 292 693; x_wconf 85' lang='lat' dir='ltr'><strong>Spiritum</strong></span> <span class='ocrx_word' id='word_1_225' title='bbox 301 671 382 688; x_wconf 82' lang='lat' dir='ltr'><strong>Sanctum.</strong></span> <span class='ocrx_word' id='word_1_226' title='bbox 391 671 432 692; x_wconf 77' lang='lat' dir='ltr'><strong>Ergo</strong></span> <span class='ocrx_word' id='word_1_227' title='bbox 442 671 479 687; x_wconf 87' lang='lat' dir='ltr'><strong>mis-</strong></span> 
     </span>
     <span class='ocr_line' id='line_1_35' title="bbox 102 696 478 715; baseline -0.003 -3"><span class='ocrx_word' id='word_1_228' title='bbox 102 697 127 713; x_wconf 73' lang='lat' dir='ltr'><strong>sio</strong></span> <span class='ocrx_word' id='word_1_229' title='bbox 134 697 177 712; x_wconf 83' lang='lat' dir='ltr'><strong>dicta</strong></span> <span class='ocrx_word' id='word_1_230' title='bbox 184 697 239 715; x_wconf 72' lang='lat' dir='ltr'><strong>active,</strong></span> <span class='ocrx_word' id='word_1_231' title='bbox 246 701 277 712; x_wconf 88' lang='lat' dir='ltr'><strong>non</strong></span> <span class='ocrx_word' id='word_1_232' title='bbox 285 696 360 712; x_wconf 78' lang='lat' dir='ltr'><strong>convenit</strong></span> <span class='ocrx_word' id='word_1_233' title='bbox 366 696 394 712; x_wconf 81' lang='lat' dir='ltr'><strong>toti</strong></span> <span class='ocrx_word' id='word_1_234' title='bbox 401 696 478 712; x_wconf 78' lang='lat' dir='ltr'><strong>Trinitati.</strong></span> 
     </span>
    </p>

    <p class='ocr_par' dir='ltr' id='par_1_9' title="bbox 103 721 479 766">
     <span class='ocr_line' id='line_1_36' title="bbox 127 721 479 742; baseline -0.003 -5"><span class='ocrx_word' id='word_1_235' title='bbox 127 721 151 737; x_wconf 76' lang='lat' dir='ltr'><strong>Ad</strong></span> <span class='ocrx_word' id='word_1_236' title='bbox 167 721 237 742; x_wconf 85' lang='lat' dir='ltr'><strong>primum</strong></span> <span class='ocrx_word' id='word_1_237' title='bbox 252 721 310 737; x_wconf 80' lang='lat' dir='ltr'><strong>horum</strong></span> <span class='ocrx_word' id='word_1_238' title='bbox 326 721 422 742; x_wconf 80' lang='lat' dir='ltr'><strong>respondent</strong></span> <span class='ocrx_word' id='word_1_239' title='bbox 437 721 479 741; x_wconf 85' lang='lat' dir='ltr'><strong>quod</strong></span> 
     </span>
     <span class='ocr_line' id='line_1_37' title="bbox 103 745 478 766; baseline 0 -5"><span class='ocrx_word' id='word_1_240' title='bbox 103 751 135 762; x_wconf 86' lang='lat' dir='ltr'><strong>non</strong></span> <span class='ocrx_word' id='word_1_241' title='bbox 147 746 168 762; x_wconf 78' lang='lat' dir='ltr'><strong>sit</strong></span> <span class='ocrx_word' id='word_1_242' title='bbox 180 746 232 761; x_wconf 77' lang='lat' dir='ltr'><strong>simile</strong></span> <span class='ocrx_word' id='word_1_243' title='bbox 241 750 244 761; x_wconf 95' lang='lat'>:</span> <span class='ocrx_word' id='word_1_244' title='bbox 253 745 291 766; x_wconf 80' lang='lat' dir='ltr'><strong>quia</strong></span> <span class='ocrx_word' id='word_1_245' title='bbox 303 745 319 761; x_wconf 88' lang='lat' dir='ltr'><strong>iu</strong></span> <span class='ocrx_word' id='word_1_246' title='bbox 332 745 386 761; x_wconf 79' lang='lat' dir='ltr'><strong>verbis</strong></span> <span class='ocrx_word' id='word_1_247' title='bbox 398 746 428 764; x_wconf 84' lang='lat' dir='ltr'><strong>his,</strong></span> <span class='ocrx_word' id='word_1_248' title='bbox 437 745 478 761; x_wconf 86' lang='lat' dir='ltr'><strong>mitti</strong></span> 
     </span>
    </p>
   </div>
   <div class='ocr_carea' id='block_1_8' title="bbox 506 499 883 765">
    <p class='ocr_par' dir='ltr' id='par_1_10' title="bbox 506 499 883 765">
     <span class='ocr_line' id='line_1_38' title="bbox 506 499 881 520; baseline 0 -5"><span class='ocrx_word' id='word_1_249' title='bbox 506 499 558 515; x_wconf 83' lang='lat' dir='ltr'><strong>activa</strong></span> <span class='ocrx_word' id='word_1_250' title='bbox 569 501 635 515; x_wconf 80' lang='lat' dir='ltr'><strong>vocatur</strong></span> <span class='ocrx_word' id='word_1_251' title='bbox 647 499 731 520; x_wconf 85' lang='lat' dir='ltr'><strong>productio</strong></span> <span class='ocrx_word' id='word_1_252' title='bbox 742 499 811 519; x_wconf 79' lang='lat' dir='ltr'><strong>alicujus</strong></span> <span class='ocrx_word' id='word_1_253' title='bbox 823 499 881 515; x_wconf 69' lang='lat' dir='ltr'><strong>divium</strong></span> 
     </span>
     <span class='ocr_line' id='line_1_39' title="bbox 507 523 881 545; baseline -0.003 -5"><span class='ocrx_word' id='word_1_254' title='bbox 507 529 578 545; x_wconf 64' lang='lat' dir='ltr'><strong>persono</strong></span> <span class='ocrx_word' id='word_1_255' title='bbox 593 524 694 540; x_wconf 67' lang='lat' dir='ltr'><strong>manifestata</strong></span> <span class='ocrx_word' id='word_1_256' title='bbox 711 529 740 545; x_wconf 78' lang='lat' dir='ltr'><strong>per</strong></span> <span class='ocrx_word' id='word_1_257' title='bbox 754 524 825 544; x_wconf 79' lang='lat' dir='ltr'><strong>aliquem</strong></span> <span class='ocrx_word' id='word_1_258' title='bbox 840 523 881 539; x_wconf 77' lang='lat' dir='ltr'><strong>effe-</strong></span> 
     </span>
     <span class='ocr_line' id='line_1_40' title="bbox 506 548 881 565; baseline 0 -1"><span class='ocrx_word' id='word_1_259' title='bbox 506 551 549 564; x_wconf 88' lang='lat' dir='ltr'><strong>ctum</strong></span> <span class='ocrx_word' id='word_1_260' title='bbox 558 549 574 564; x_wconf 89' lang='lat' dir='ltr'><strong>in</strong></span> <span class='ocrx_word' id='word_1_261' title='bbox 582 550 660 564; x_wconf 66' lang='lat' dir='ltr'><strong>creatura⁴</strong></span> <span class='ocrx_word' id='word_1_262' title='bbox 669 548 687 564; x_wconf 83' lang='lat' dir='ltr'><strong>Et</strong></span> <span class='ocrx_word' id='word_1_263' title='bbox 695 548 717 564; x_wconf 86' lang='lat' dir='ltr'><strong>ita</strong></span> <span class='ocrx_word' id='word_1_264' title='bbox 726 548 791 565; x_wconf 86' lang='lat' dir='ltr'><strong>nomine</strong></span> <span class='ocrx_word' id='word_1_265' title='bbox 801 548 881 564; x_wconf 73' lang='lat' dir='ltr'><strong>missionis</strong></span> 
     </span>
     <span class='ocr_line' id='line_1_41' title="bbox 507 573 882 594; baseline -0.003 -5"><span class='ocrx_word' id='word_1_266' title='bbox 507 573 538 589; x_wconf 86' lang='lat' dir='ltr'><strong>duo</strong></span> <span class='ocrx_word' id='word_1_267' title='bbox 550 573 638 593; x_wconf 70' lang='lat' dir='ltr'><strong>signantur,</strong></span> <span class='ocrx_word' id='word_1_268' title='bbox 647 573 722 589; x_wconf 76' lang='lat' dir='ltr'><strong>videlicet</strong></span> <span class='ocrx_word' id='word_1_269' title='bbox 734 573 777 589; x_wconf 85' lang='lat' dir='ltr'><strong>notio</strong></span> <span class='ocrx_word' id='word_1_270' title='bbox 789 573 882 594; x_wconf 81' lang='lat' dir='ltr'><strong>principali-</strong></span> 
     </span>
     <span class='ocr_line' id='line_1_42' title="bbox 506 597 881 618; baseline 0 -5"><span class='ocrx_word' id='word_1_271' title='bbox 506 600 530 613; x_wconf 87' lang='lat' dir='ltr'><strong>ter</strong></span> <span class='ocrx_word' id='word_1_272' title='bbox 538 598 560 613; x_wconf 88' lang='lat' dir='ltr'><strong>ibi</strong></span> <span class='ocrx_word' id='word_1_273' title='bbox 568 598 663 618; x_wconf 72' lang='lat' dir='ltr'><strong>significata,</strong></span> <span class='ocrx_word' id='word_1_274' title='bbox 672 600 688 613; x_wconf 92' lang='lat' dir='ltr'><strong>et</strong></span> <span class='ocrx_word' id='word_1_275' title='bbox 697 598 805 614; x_wconf 72' lang='lat' dir='ltr'><strong>manifestatio</strong></span> <span class='ocrx_word' id='word_1_276' title='bbox 812 597 881 613; x_wconf 84' lang='lat' dir='ltr'><strong>notionis</strong></span> 
     </span>
     <span class='ocr_line' id='line_1_43' title="bbox 507 622 881 643; baseline -0.003 -5"><span class='ocrx_word' id='word_1_277' title='bbox 507 627 535 643; x_wconf 73' lang='lat' dir='ltr'><strong>per</strong></span> <span class='ocrx_word' id='word_1_278' title='bbox 544 622 620 638; x_wconf 74' lang='lat' dir='ltr'><strong>eflectum</strong></span> <span class='ocrx_word' id='word_1_279' title='bbox 631 622 653 638; x_wconf 87' lang='lat' dir='ltr'><strong>ibi</strong></span> <span class='ocrx_word' id='word_1_280' title='bbox 663 622 789 643; x_wconf 75' lang='lat' dir='ltr'><strong>consignificata.</strong></span> <span class='ocrx_word' id='word_1_281' title='bbox 797 622 881 642; x_wconf 78' lang='lat' dir='ltr'><strong>Quumque</strong></span> 
     </span>
     <span class='ocr_line' id='line_1_44' title="bbox 507 646 882 667; baseline 0 -5"><span class='ocrx_word' id='word_1_282' title='bbox 507 647 618 667; x_wconf 76' lang='lat' dir='ltr'><strong>principaliter</strong></span> <span class='ocrx_word' id='word_1_283' title='bbox 628 646 737 667; x_wconf 73' lang='lat' dir='ltr'><strong>significatum</strong></span> <span class='ocrx_word' id='word_1_284' title='bbox 747 647 812 663; x_wconf 88' lang='lat' dir='ltr'><strong>nomine</strong></span> <span class='ocrx_word' id='word_1_285' title='bbox 822 646 882 662; x_wconf 79' lang='lat' dir='ltr'><strong>missio-</strong></span> 
     </span>
     <span class='ocr_line' id='line_1_45' title="bbox 506 671 882 690; baseline -0.003 -3"><span class='ocrx_word' id='word_1_286' title='bbox 506 672 532 687; x_wconf 90' lang='lat' dir='ltr'><strong>uis</strong></span> <span class='ocrx_word' id='word_1_287' title='bbox 539 676 570 687; x_wconf 91' lang='lat' dir='ltr'><strong>non</strong></span> <span class='ocrx_word' id='word_1_288' title='bbox 579 672 663 687; x_wconf 83' lang='lat' dir='ltr'><strong>conveniat</strong></span> <span class='ocrx_word' id='word_1_289' title='bbox 671 671 698 687; x_wconf 83' lang='lat' dir='ltr'><strong>toti</strong></span> <span class='ocrx_word' id='word_1_290' title='bbox 706 671 820 690; x_wconf 59' lang='lat' dir='ltr'><strong>&#39;trinitatum-</strong></span> <span class='ocrx_word' id='word_1_291' title='bbox 828 676 882 687; x_wconf 79' lang='lat' dir='ltr'><strong>concc-</strong></span> 
     </span>
     <span class='ocr_line' id='line_1_46' title="bbox 506 695 882 717; baseline 0 -6"><span class='ocrx_word' id='word_1_292' title='bbox 506 696 547 711; x_wconf 90' lang='lat' dir='ltr'><strong>dnnt</strong></span> <span class='ocrx_word' id='word_1_293' title='bbox 557 696 600 717; x_wconf 76' lang='lat' dir='ltr'><strong>quod</strong></span> <span class='ocrx_word' id='word_1_294' title='bbox 612 695 667 712; x_wconf 74' lang='lat' dir='ltr'><strong>missio</strong></span> <span class='ocrx_word' id='word_1_295' title='bbox 679 695 730 711; x_wconf 84' lang='lat' dir='ltr'><strong>active</strong></span> <span class='ocrx_word' id='word_1_296' title='bbox 742 696 785 711; x_wconf 80' lang='lat' dir='ltr'><strong>dicta</strong></span> <span class='ocrx_word' id='word_1_297' title='bbox 797 696 882 711; x_wconf 90' lang='lat' dir='ltr'><strong>conveniat</strong></span> 
     </span>
     <span class='ocr_line' id='line_1_47' title="bbox 506 720 882 741; baseline -0.003 -5"><span class='ocrx_word' id='word_1_298' title='bbox 506 720 535 736; x_wconf 84' lang='lat' dir='ltr'><strong>toti</strong></span> <span class='ocrx_word' id='word_1_299' title='bbox 545 720 624 736; x_wconf 69' lang='lat' dir='ltr'><strong>trinitati,</strong></span> <span class='ocrx_word' id='word_1_300' title='bbox 636 720 701 741; x_wconf 82' lang='lat' dir='ltr'><strong>Propter</strong></span> <span class='ocrx_word' id='word_1_301' title='bbox 711 720 754 740; x_wconf 79' lang='lat' dir='ltr'><strong>quod</strong></span> <span class='ocrx_word' id='word_1_302' title='bbox 767 720 829 739; x_wconf 85' lang='lat' dir='ltr'><strong>dicunt,</strong></span> <span class='ocrx_word' id='word_1_303' title='bbox 839 720 882 740; x_wconf 85' lang='lat' dir='ltr'><strong>quod</strong></span> 
     </span>
     <span class='ocr_line' id='line_1_48' title="bbox 508 744 883 765; baseline -0.003 -5"><span class='ocrx_word' id='word_1_304' title='bbox 508 745 572 765; x_wconf 82' lang='lat' dir='ltr'><strong>proprie</strong></span> <span class='ocrx_word' id='word_1_305' title='bbox 580 745 660 765; x_wconf 80' lang='lat' dir='ltr'><strong>loquendo</strong></span> <span class='ocrx_word' id='word_1_306' title='bbox 668 744 698 760; x_wconf 90' lang='lat' dir='ltr'><strong>ista</strong></span> <span class='ocrx_word' id='word_1_307' title='bbox 705 744 726 760; x_wconf 88' lang='lat' dir='ltr'><strong>sit</strong></span> <span class='ocrx_word' id='word_1_308' title='bbox 734 744 779 763; x_wconf 80' lang='lat' dir='ltr'><strong>falsa,</strong></span> <span class='ocrx_word' id='word_1_309' title='bbox 787 744 825 760; x_wconf 72' lang='lat' dir='ltr'><strong>Tota</strong></span> <span class='ocrx_word' id='word_1_310' title='bbox 833 744 883 760; x_wconf 83' lang='lat' dir='ltr'><strong>Trini-</strong></span> 
     </span>
    </p>
   </div>
   <div class='ocr_carea' id='block_1_9' title="bbox 103 769 881 791">
    <p class='ocr_par' dir='ltr' id='par_1_11' title="bbox 103 769 881 791">
     <span class='ocr_line' id='line_1_49' title="bbox 103 769 881 791; baseline -0.003 -5"><span class='ocrx_word' id='word_1_311' title='bbox 103 773 119 786; x_wconf 87' lang='lat' dir='ltr'><strong>et</strong></span> <span class='ocrx_word' id='word_1_312' title='bbox 129 770 198 789; x_wconf 77' lang='lat' dir='ltr'><strong>mittere,</strong></span> <span class='ocrx_word' id='word_1_313' title='bbox 206 770 339 791; x_wconf 70' lang='lat' dir='ltr'><strong>consignificatur</strong></span> <span class='ocrx_word' id='word_1_314' title='bbox 348 770 425 786; x_wconf 77' lang='lat' dir='ltr'><strong>habitudo</strong></span> <span class='ocrx_word' id='word_1_315' title='bbox 436 770 479 791; x_wconf 89' lang='lat' dir='ltr'><strong>priu-</strong></span> <span class='ocrx_word' id='word_1_316' title='bbox 488 769 499 786; x_wconf 88' lang='lat' dir='ltr'>C</span> <span class='ocrx_word' id='word_1_317' title='bbox 508 771 531 785; x_wconf 88' lang='lat' dir='ltr'><strong>tas</strong></span> <span class='ocrx_word' id='word_1_318' title='bbox 542 769 592 785; x_wconf 85' lang='lat' dir='ltr'><strong>mittit</strong></span> <span class='ocrx_word' id='word_1_319' title='bbox 601 769 658 785; x_wconf 78' lang='lat' dir='ltr'><strong>Filium</strong></span> <span class='ocrx_word' id='word_1_320' title='bbox 669 772 697 785; x_wconf 82' lang='lat' dir='ltr'><strong>aut</strong></span> <span class='ocrx_word' id='word_1_321' title='bbox 706 769 783 790; x_wconf 86' lang='lat' dir='ltr'><strong>Spiritum</strong></span> <span class='ocrx_word' id='word_1_322' title='bbox 793 769 868 785; x_wconf 82' lang='lat' dir='ltr'><strong>Sanctum</strong></span> <span class='ocrx_word' id='word_1_323' title='bbox 878 773 881 784; x_wconf 95' lang='lat'>:</span> 
     </span>
    </p>
   </div>
   <div class='ocr_carea' id='block_1_10' title="bbox 103 794 480 1061">
    <p class='ocr_par' dir='ltr' id='par_1_12' title="bbox 103 794 480 1061">
     <span class='ocr_line' id='line_1_50' title="bbox 103 794 479 816; baseline -0.003 -5"><span class='ocrx_word' id='word_1_324' title='bbox 103 795 143 816; x_wconf 82' lang='lat' dir='ltr'><strong>cipii</strong></span> <span class='ocrx_word' id='word_1_325' title='bbox 153 795 173 810; x_wconf 83' lang='lat' dir='ltr'><strong>ad</strong></span> <span class='ocrx_word' id='word_1_326' title='bbox 183 795 199 810; x_wconf 91' lang='lat' dir='ltr'><strong>id</strong></span> <span class='ocrx_word' id='word_1_327' title='bbox 210 795 253 815; x_wconf 87' lang='lat' dir='ltr'><strong>quod</strong></span> <span class='ocrx_word' id='word_1_328' title='bbox 263 797 287 810; x_wconf 86' lang='lat' dir='ltr'><strong>est</strong></span> <span class='ocrx_word' id='word_1_329' title='bbox 297 795 317 810; x_wconf 83' lang='lat' dir='ltr'><strong>de</strong></span> <span class='ocrx_word' id='word_1_330' title='bbox 328 795 368 815; x_wconf 80' lang='lat' dir='ltr'><strong>ipso.</strong></span> <span class='ocrx_word' id='word_1_331' title='bbox 377 794 415 810; x_wconf 73' lang='lat' dir='ltr'><strong>Esse</strong></span> <span class='ocrx_word' id='word_1_332' title='bbox 426 797 479 810; x_wconf 83' lang='lat' dir='ltr'><strong>autem</strong></span> 
     </span>
     <span class='ocr_line' id='line_1_51' title="bbox 103 819 480 840; baseline 0 -5"><span class='ocrx_word' id='word_1_333' title='bbox 103 820 123 835; x_wconf 84' lang='lat' dir='ltr'><strong>ab</strong></span> <span class='ocrx_word' id='word_1_334' title='bbox 133 820 166 835; x_wconf 88' lang='lat' dir='ltr'><strong>alio</strong></span> <span class='ocrx_word' id='word_1_335' title='bbox 175 820 209 835; x_wconf 89' lang='lat' dir='ltr'><strong>sive</strong></span> <span class='ocrx_word' id='word_1_336' title='bbox 220 824 230 835; x_wconf 84' lang='lat' dir='ltr'><strong>a</strong></span> <span class='ocrx_word' id='word_1_337' title='bbox 240 819 326 840; x_wconf 80' lang='lat' dir='ltr'><strong>principio,</strong></span> <span class='ocrx_word' id='word_1_338' title='bbox 335 819 446 835; x_wconf 74' lang='lat' dir='ltr'><strong>universaliter</strong></span> <span class='ocrx_word' id='word_1_339' title='bbox 456 824 480 835; x_wconf 76' lang='lat' dir='ltr'><strong>ro·</strong></span> 
     </span>
     <span class='ocr_line' id='line_1_52' title="bbox 104 844 480 864; baseline -0.003 -4"><span class='ocrx_word' id='word_1_340' title='bbox 104 846 177 860; x_wconf 89' lang='lat' dir='ltr'><strong>movetur</strong></span> <span class='ocrx_word' id='word_1_341' title='bbox 185 849 194 860; x_wconf 90' lang='lat' dir='ltr'><strong>a</strong></span> <span class='ocrx_word' id='word_1_342' title='bbox 203 844 253 863; x_wconf 75' lang='lat' dir='ltr'><strong>Patre,</strong></span> <span class='ocrx_word' id='word_1_343' title='bbox 262 844 284 860; x_wconf 75' lang='lat' dir='ltr'><strong>ita</strong></span> <span class='ocrx_word' id='word_1_344' title='bbox 294 844 337 864; x_wconf 88' lang='lat' dir='ltr'><strong>quod</strong></span> <span class='ocrx_word' id='word_1_345' title='bbox 346 844 390 860; x_wconf 90' lang='lat' dir='ltr'><strong>nullo</strong></span> <span class='ocrx_word' id='word_1_346' title='bbox 398 844 445 860; x_wconf 87' lang='lat' dir='ltr'><strong>modo</strong></span> <span class='ocrx_word' id='word_1_347' title='bbox 452 849 480 864; x_wconf 87' lang='lat' dir='ltr'><strong>po-</strong></span> 
     </span>
     <span class='ocr_line' id='line_1_53' title="bbox 103 868 480 889; baseline -0.003 -4"><span class='ocrx_word' id='word_1_348' title='bbox 103 871 134 885; x_wconf 80' lang='lat' dir='ltr'><strong>test</strong></span> <span class='ocrx_word' id='word_1_349' title='bbox 142 869 173 885; x_wconf 79' lang='lat' dir='ltr'><strong>rlici</strong></span> <span class='ocrx_word' id='word_1_350' title='bbox 181 874 215 885; x_wconf 85' lang='lat' dir='ltr'><strong>esse</strong></span> <span class='ocrx_word' id='word_1_351' title='bbox 223 874 233 885; x_wconf 81' lang='lat' dir='ltr'><strong>a</strong></span> <span class='ocrx_word' id='word_1_352' title='bbox 242 868 331 889; x_wconf 75' lang='lat' dir='ltr'><strong>principio;</strong></span> <span class='ocrx_word' id='word_1_353' title='bbox 339 869 366 884; x_wconf 84' lang='lat' dir='ltr'><strong>sed</strong></span> <span class='ocrx_word' id='word_1_354' title='bbox 377 873 411 884; x_wconf 81' lang='lat' dir='ltr'><strong>esse</strong></span> <span class='ocrx_word' id='word_1_355' title='bbox 421 869 480 889; x_wconf 80' lang='lat' dir='ltr'><strong>prinei-</strong></span> 
     </span>
     <span class='ocr_line' id='line_1_54' title="bbox 104 893 479 915; baseline 0 -6"><span class='ocrx_word' id='word_1_356' title='bbox 104 894 155 915; x_wconf 88' lang='lat' dir='ltr'><strong>pinm,</strong></span> <span class='ocrx_word' id='word_1_357' title='bbox 164 898 195 910; x_wconf 84' lang='lat' dir='ltr'><strong>non</strong></span> <span class='ocrx_word' id='word_1_358' title='bbox 206 893 409 914; x_wconf 58' lang='lat' dir='ltr'><strong>negatur-universalitas</strong></span> <span class='ocrx_word' id='word_1_359' title='bbox 419 893 479 914; x_wconf 85' lang='lat' dir='ltr'><strong>Spiritu</strong></span> 
     </span>
     <span class='ocr_line' id='line_1_55' title="bbox 103 917 480 938; baseline -0.003 -4"><span class='ocrx_word' id='word_1_360' title='bbox 103 918 167 934; x_wconf 78' lang='lat' dir='ltr'><strong>Sancto.</strong></span> <span class='ocrx_word' id='word_1_361' title='bbox 175 918 227 937; x_wconf 81' lang='lat' dir='ltr'><strong>Ouum</strong></span> <span class='ocrx_word' id='word_1_362' title='bbox 239 920 292 934; x_wconf 83' lang='lat' dir='ltr'><strong>autem</strong></span> <span class='ocrx_word' id='word_1_363' title='bbox 303 918 372 938; x_wconf 82' lang='lat' dir='ltr'><strong>Spiritus</strong></span> <span class='ocrx_word' id='word_1_364' title='bbox 381 917 448 933; x_wconf 83' lang='lat' dir='ltr'><strong>Sanctus</strong></span> <span class='ocrx_word' id='word_1_365' title='bbox 459 918 480 933; x_wconf 79' lang='lat' dir='ltr'><strong>sit</strong></span> 
     </span>
     <span class='ocr_line' id='line_1_56' title="bbox 104 942 480 964; baseline -0.003 -5"><span class='ocrx_word' id='word_1_366' title='bbox 104 943 202 964; x_wconf 84' lang='lat' dir='ltr'><strong>principium</strong></span> <span class='ocrx_word' id='word_1_367' title='bbox 215 945 297 961; x_wconf 63' lang='lat' dir='ltr'><strong>creaturas,</strong></span> <span class='ocrx_word' id='word_1_368' title='bbox 308 942 344 958; x_wconf 83' lang='lat' dir='ltr'><strong>ideo</strong></span> <span class='ocrx_word' id='word_1_369' title='bbox 354 942 395 958; x_wconf 87' lang='lat' dir='ltr'><strong>sicut</strong></span> <span class='ocrx_word' id='word_1_370' title='bbox 407 942 480 958; x_wconf 71' lang='lat' dir='ltr'><strong>conceali-</strong></span> 
     </span>
     <span class='ocr_line' id='line_1_57' title="bbox 104 967 479 988; baseline -0.003 -5"><span class='ocrx_word' id='word_1_371' title='bbox 104 970 130 983; x_wconf 90' lang='lat' dir='ltr'><strong>tur</strong></span> <span class='ocrx_word' id='word_1_372' title='bbox 137 968 180 988; x_wconf 85' lang='lat' dir='ltr'><strong>quod</strong></span> <span class='ocrx_word' id='word_1_373' title='bbox 190 967 259 988; x_wconf 79' lang='lat' dir='ltr'><strong>Spiritus</strong></span> <span class='ocrx_word' id='word_1_374' title='bbox 268 967 335 982; x_wconf 83' lang='lat' dir='ltr'><strong>Sanctus</strong></span> <span class='ocrx_word' id='word_1_375' title='bbox 345 967 384 982; x_wconf 81' lang='lat' dir='ltr'><strong>iacit</strong></span> <span class='ocrx_word' id='word_1_376' title='bbox 393 971 411 982; x_wconf 82' lang='lat' dir='ltr'><strong>se</strong></span> <span class='ocrx_word' id='word_1_377' title='bbox 420 971 454 982; x_wconf 76' lang='lat' dir='ltr'><strong>esse</strong></span> <span class='ocrx_word' id='word_1_378' title='bbox 463 967 479 982; x_wconf 92' lang='lat' dir='ltr'><strong>in</strong></span> 
     </span>
     <span class='ocr_line' id='line_1_58' title="bbox 103 991 480 1012; baseline -0.003 -4"><span class='ocrx_word' id='word_1_379' title='bbox 103 994 177 1008; x_wconf 83' lang='lat' dir='ltr'><strong>creatura</strong></span> <span class='ocrx_word' id='word_1_380' title='bbox 185 996 214 1012; x_wconf 87' lang='lat' dir='ltr'><strong>per</strong></span> <span class='ocrx_word' id='word_1_381' title='bbox 220 992 294 1012; x_wconf 74' lang='lat' dir='ltr'><strong>gratiam,</strong></span> <span class='ocrx_word' id='word_1_382' title='bbox 300 994 316 1007; x_wconf 87' lang='lat' dir='ltr'><strong>et</strong></span> <span class='ocrx_word' id='word_1_383' title='bbox 323 991 392 1007; x_wconf 79' lang='lat' dir='ltr'><strong>Trinitas</strong></span> <span class='ocrx_word' id='word_1_384' title='bbox 401 991 439 1007; x_wconf 78' lang='lat' dir='ltr'><strong>facit</strong></span> <span class='ocrx_word' id='word_1_385' title='bbox 447 991 480 1012; x_wconf 85' lang='lat' dir='ltr'><strong>Spi-</strong></span> 
     </span>
     <span class='ocr_line' id='line_1_59' title="bbox 104 1016 480 1036; baseline -0.003 -4"><span class='ocrx_word' id='word_1_386' title='bbox 104 1017 153 1032; x_wconf 93' lang='lat' dir='ltr'><strong>ritum</strong></span> <span class='ocrx_word' id='word_1_387' title='bbox 164 1016 240 1032; x_wconf 79' lang='lat' dir='ltr'><strong>Sanctum</strong></span> <span class='ocrx_word' id='word_1_388' title='bbox 250 1021 284 1032; x_wconf 82' lang='lat' dir='ltr'><strong>esse</strong></span> <span class='ocrx_word' id='word_1_389' title='bbox 294 1021 323 1036; x_wconf 85' lang='lat' dir='ltr'><strong>per</strong></span> <span class='ocrx_word' id='word_1_390' title='bbox 331 1016 399 1036; x_wconf 77' lang='lat' dir='ltr'><strong>gratiam</strong></span> <span class='ocrx_word' id='word_1_391' title='bbox 410 1016 426 1031; x_wconf 94' lang='lat' dir='ltr'><strong>in</strong></span> <span class='ocrx_word' id='word_1_392' title='bbox 437 1021 480 1032; x_wconf 83' lang='lat' dir='ltr'><strong>crea-</strong></span> 
     </span>
     <span class='ocr_line' id='line_1_60' title="bbox 104 1041 479 1061; baseline -0.003 -4"><span class='ocrx_word' id='word_1_393' title='bbox 104 1043 140 1057; x_wconf 79' lang='lat' dir='ltr'><strong>tun</strong></span> <span class='ocrx_word' id='word_1_394' title='bbox 155 1041 234 1059; x_wconf 71' lang='lat' dir='ltr'><strong>rationali,</strong></span> <span class='ocrx_word' id='word_1_395' title='bbox 248 1041 269 1056; x_wconf 91' lang='lat' dir='ltr'><strong>ita</strong></span> <span class='ocrx_word' id='word_1_396' title='bbox 283 1041 376 1057; x_wconf 75' lang='lat' dir='ltr'><strong>conceditur</strong></span> <span class='ocrx_word' id='word_1_397' title='bbox 389 1041 432 1061; x_wconf 82' lang='lat' dir='ltr'><strong>quod</strong></span> <span class='ocrx_word' id='word_1_398' title='bbox 448 1043 479 1057; x_wconf 84' lang='lat' dir='ltr'><strong>tota</strong></span> 
     </span>
    </p>
   </div>
   <div class='ocr_carea' id='block_1_11' title="bbox 507 794 884 1060">
    <p class='ocr_par' dir='ltr' id='par_1_13' title="bbox 507 794 884 860">
     <span class='ocr_line' id='line_1_61' title="bbox 507 794 882 815; baseline -0.003 -5"><span class='ocrx_word' id='word_1_399' title='bbox 507 794 581 815; x_wconf 76' lang='lat' dir='ltr'><strong>quamvis</strong></span> <span class='ocrx_word' id='word_1_400' title='bbox 592 794 634 810; x_wconf 79' lang='lat' dir='ltr'><strong>actio</strong></span> <span class='ocrx_word' id='word_1_401' title='bbox 646 794 668 810; x_wconf 89' lang='lat' dir='ltr'><strong>ibi</strong></span> <span class='ocrx_word' id='word_1_402' title='bbox 680 794 775 810; x_wconf 83' lang='lat' dir='ltr'><strong>secundario</strong></span> <span class='ocrx_word' id='word_1_403' title='bbox 786 794 882 814; x_wconf 75' lang='lat' dir='ltr'><strong>significat-a,</strong></span> 
     </span>
     <span class='ocr_line' id='line_1_62' title="bbox 507 819 884 840; baseline 0 -6"><span class='ocrx_word' id='word_1_404' title='bbox 507 824 516 835; x_wconf 86' lang='grc' dir='ltr'>ι</span> <span class='ocrx_word' id='word_1_405' title='bbox 524 824 556 840; x_wconf 83' lang='lat' dir='ltr'><strong>qua</strong></span> <span class='ocrx_word' id='word_1_406' title='bbox 563 821 587 834; x_wconf 88' lang='lat' dir='ltr'><strong>est</strong></span> <span class='ocrx_word' id='word_1_407' title='bbox 597 819 665 835; x_wconf 74' lang='lat' dir='ltr'><strong>eftectus</strong></span> <span class='ocrx_word' id='word_1_408' title='bbox 675 819 691 834; x_wconf 94' lang='lat' dir='ltr'><strong>in</strong></span> <span class='ocrx_word' id='word_1_409' title='bbox 702 821 780 837; x_wconf 70' lang='lat' dir='ltr'><strong>creatura,</strong></span> <span class='ocrx_word' id='word_1_410' title='bbox 789 819 817 834; x_wconf 87' lang='lat' dir='ltr'><strong>toti</strong></span> <span class='ocrx_word' id='word_1_411' title='bbox 828 823 884 834; x_wconf 86' lang='lat' dir='ltr'><strong>conve-</strong></span> 
     </span>
     <span class='ocr_line' id='line_1_63' title="bbox 507 843 804 860; baseline 0 -1"><span class='ocrx_word' id='word_1_412' title='bbox 507 844 541 860; x_wconf 79' lang='lat' dir='ltr'><strong>niat</strong></span> <span class='ocrx_word' id='word_1_413' title='bbox 551 843 630 859; x_wconf 83' lang='lat' dir='ltr'><strong>Trinitati.</strong></span> <span class='ocrx_word' id='word_1_414' title='bbox 639 852 658 855; x_wconf 81' lang='lat'><strong>—</strong></span> <span class='ocrx_word' id='word_1_415' title='bbox 664 843 700 859; x_wconf 76' lang='lat' dir='ltr'><strong>lloec</strong></span> <span class='ocrx_word' id='word_1_416' title='bbox 711 843 804 859; x_wconf 73' lang='lat' dir='ltr'><strong>Alexander.</strong></span> 
     </span>
    </p>

    <p class='ocr_par' dir='ltr' id='par_1_14' title="bbox 507 867 883 1060">
     <span class='ocr_line' id='line_1_64' title="bbox 524 867 883 888; baseline -0.003 -4"><span class='ocrx_word' id='word_1_417' title='bbox 524 868 569 884; x_wconf 83' lang='lat' dir='ltr'><strong>Circa</strong></span> <span class='ocrx_word' id='word_1_418' title='bbox 577 869 614 887; x_wconf 68' lang='lat' dir='ltr'><strong>hmo,</strong></span> <span class='ocrx_word' id='word_1_419' title='bbox 620 870 697 888; x_wconf 84' lang='lat' dir='ltr'><strong>quantum</strong></span> <span class='ocrx_word' id='word_1_420' title='bbox 704 868 723 883; x_wconf 85' lang='lat' dir='ltr'><strong>ad</strong></span> <span class='ocrx_word' id='word_1_421' title='bbox 731 868 804 888; x_wconf 90' lang='lat' dir='ltr'><strong>primum,</strong></span> <span class='ocrx_word' id='word_1_422' title='bbox 809 867 883 883; x_wconf 85' lang='lat' dir='ltr'><strong>videlicet</strong></span> 
     </span>
     <span class='ocr_line' id='line_1_65' title="bbox 507 892 883 913; baseline -0.005 -4"><span class='ocrx_word' id='word_1_423' title='bbox 507 893 550 913; x_wconf 81' lang='lat' dir='ltr'><strong>quod</strong></span> <span class='ocrx_word' id='word_1_424' title='bbox 562 893 617 908; x_wconf 81' lang='lat' dir='ltr'><strong>missio</strong></span> <span class='ocrx_word' id='word_1_425' title='bbox 629 892 650 908; x_wconf 91' lang='lat' dir='ltr'><strong>sit</strong></span> <span class='ocrx_word' id='word_1_426' title='bbox 662 892 678 908; x_wconf 88' lang='lat' dir='ltr'><strong>in</strong></span> <span class='ocrx_word' id='word_1_427' title='bbox 691 892 755 911; x_wconf 85' lang='lat' dir='ltr'><strong>divinis,</strong></span> <span class='ocrx_word' id='word_1_428' title='bbox 766 892 823 908; x_wconf 82' lang='lat' dir='ltr'><strong>scribit</strong></span> <span class='ocrx_word' id='word_1_429' title='bbox 834 892 883 908; x_wconf 79' lang='lat' dir='ltr'><strong>Bona-</strong></span> 
     </span>
     <span class='ocr_line' id='line_1_66' title="bbox 507 917 882 937; baseline -0.003 -4"><span class='ocrx_word' id='word_1_430' title='bbox 507 919 574 933; x_wconf 76' lang='lat' dir='ltr'><strong>ventura</strong></span> <span class='ocrx_word' id='word_1_431' title='bbox 583 922 586 933; x_wconf 80' lang='lat' dir='ltr'>z</span> <span class='ocrx_word' id='word_1_432' title='bbox 595 917 647 933; x_wconf 77' lang='lat' dir='ltr'><strong>Missio</strong></span> <span class='ocrx_word' id='word_1_433' title='bbox 659 919 706 937; x_wconf 85' lang='lat' dir='ltr'><strong>prout</strong></span> <span class='ocrx_word' id='word_1_434' title='bbox 717 917 733 932; x_wconf 92' lang='lat' dir='ltr'><strong>in</strong></span> <span class='ocrx_word' id='word_1_435' title='bbox 743 917 768 932; x_wconf 80' lang='lat' dir='ltr'><strong>his</strong></span> <span class='ocrx_word' id='word_1_436' title='bbox 778 917 882 932; x_wconf 79' lang='lat' dir='ltr'><strong>interioribus</strong></span> 
     </span>
     <span class='ocr_line' id='line_1_67' title="bbox 507 941 881 962; baseline 0 -5"><span class='ocrx_word' id='word_1_437' title='bbox 507 942 621 960; x_wconf 82' lang='lat' dir='ltr'><strong>consideratur,</strong></span> <span class='ocrx_word' id='word_1_438' title='bbox 635 941 683 957; x_wconf 85' lang='lat' dir='ltr'><strong>habet</strong></span> <span class='ocrx_word' id='word_1_439' title='bbox 697 943 787 962; x_wconf 80' lang='lat' dir='ltr'><strong>respectum</strong></span> <span class='ocrx_word' id='word_1_440' title='bbox 801 942 821 957; x_wconf 84' lang='lat' dir='ltr'><strong>ad</strong></span> <span class='ocrx_word' id='word_1_441' title='bbox 834 941 864 957; x_wconf 86' lang='lat' dir='ltr'><strong>tria</strong></span> <span class='ocrx_word' id='word_1_442' title='bbox 877 946 881 957; x_wconf 91' lang='lat'>:</span> 
     </span>
     <span class='ocr_line' id='line_1_68' title="bbox 508 966 882 988; baseline 0 -6"><span class='ocrx_word' id='word_1_443' title='bbox 508 967 560 988; x_wconf 88' lang='lat' dir='ltr'><strong>primo</strong></span> <span class='ocrx_word' id='word_1_444' title='bbox 572 967 592 982; x_wconf 89' lang='lat' dir='ltr'><strong>ad</strong></span> <span class='ocrx_word' id='word_1_445' title='bbox 603 966 707 987; x_wconf 79' lang='lat' dir='ltr'><strong>principium,</strong></span> <span class='ocrx_word' id='word_1_446' title='bbox 715 966 785 982; x_wconf 73' lang='lat' dir='ltr'><strong>secundo</strong></span> <span class='ocrx_word' id='word_1_447' title='bbox 796 966 815 982; x_wconf 84' lang='lat' dir='ltr'><strong>ad</strong></span> <span class='ocrx_word' id='word_1_448' title='bbox 828 966 882 982; x_wconf 84' lang='lat' dir='ltr'><strong>termi-</strong></span> 
     </span>
     <span class='ocr_line' id='line_1_69' title="bbox 507 990 881 1011; baseline -0.003 -4"><span class='ocrx_word' id='word_1_449' title='bbox 507 996 552 1010; x_wconf 80' lang='lat' dir='ltr'><strong>num,</strong></span> <span class='ocrx_word' id='word_1_450' title='bbox 565 991 612 1007; x_wconf 81' lang='lat' dir='ltr'><strong>tertio</strong></span> <span class='ocrx_word' id='word_1_451' title='bbox 625 991 645 1006; x_wconf 89' lang='lat' dir='ltr'><strong>ad</strong></span> <span class='ocrx_word' id='word_1_452' title='bbox 660 991 732 1006; x_wconf 73' lang='lat' dir='ltr'><strong>missum.</strong></span> <span class='ocrx_word' id='word_1_453' title='bbox 745 990 768 1006; x_wconf 79' lang='lat' dir='ltr'><strong>Ad</strong></span> <span class='ocrx_word' id='word_1_454' title='bbox 783 991 881 1011; x_wconf 88' lang='lat' dir='ltr'><strong>principium</strong></span> 
     </span>
     <span class='ocr_line' id='line_1_70' title="bbox 507 1015 882 1036; baseline 0 -5"><span class='ocrx_word' id='word_1_455' title='bbox 507 1018 560 1032; x_wconf 79' lang='lat' dir='ltr'><strong>autem</strong></span> <span class='ocrx_word' id='word_1_456' title='bbox 571 1021 599 1031; x_wconf 86' lang='lat' dir='ltr'><strong>seu</strong></span> <span class='ocrx_word' id='word_1_457' title='bbox 610 1015 629 1031; x_wconf 85' lang='lat' dir='ltr'><strong>ad</strong></span> <span class='ocrx_word' id='word_1_458' title='bbox 641 1015 731 1031; x_wconf 73' lang='lat' dir='ltr'><strong>mittentem</strong></span> <span class='ocrx_word' id='word_1_459' title='bbox 742 1015 772 1031; x_wconf 79' lang='lat' dir='ltr'><strong>sub</strong></span> <span class='ocrx_word' id='word_1_460' title='bbox 783 1015 842 1036; x_wconf 85' lang='lat' dir='ltr'><strong>triplici</strong></span> <span class='ocrx_word' id='word_1_461' title='bbox 854 1020 882 1036; x_wconf 88' lang='lat' dir='ltr'><strong>po-</strong></span> 
     </span>
     <span class='ocr_line' id='line_1_71' title="bbox 508 1039 881 1060; baseline -0.003 -4"><span class='ocrx_word' id='word_1_462' title='bbox 508 1042 537 1057; x_wconf 82' lang='lat' dir='ltr'><strong>test</strong></span> <span class='ocrx_word' id='word_1_463' title='bbox 554 1040 647 1056; x_wconf 81' lang='lat' dir='ltr'><strong>habitudine</strong></span> <span class='ocrx_word' id='word_1_464' title='bbox 663 1040 758 1060; x_wconf 78' lang='lat' dir='ltr'><strong>comparari.</strong></span> <span class='ocrx_word' id='word_1_465' title='bbox 773 1039 831 1059; x_wconf 81' lang='lat' dir='ltr'><strong>Primo,</strong></span> <span class='ocrx_word' id='word_1_466' title='bbox 846 1042 881 1056; x_wconf 85' lang='lat' dir='ltr'><strong>tan-</strong></span> 
     </span>
    </p>
   </div>
   <div class='ocr_carea' id='block_1_12' title="bbox 104 1064 882 1086">
    <p class='ocr_par' dir='ltr' id='par_1_15' title="bbox 104 1064 882 1086">
     <span class='ocr_line' id='line_1_72' title="bbox 104 1064 882 1086; baseline -0.001 -5"><span class='ocrx_word' id='word_1_467' title='bbox 104 1065 174 1081; x_wconf 85' lang='lat' dir='ltr'><strong>Trinitas</strong></span> <span class='ocrx_word' id='word_1_468' title='bbox 185 1065 234 1081; x_wconf 89' lang='lat' dir='ltr'><strong>mittit</strong></span> <span class='ocrx_word' id='word_1_469' title='bbox 246 1065 323 1086; x_wconf 83' lang='lat' dir='ltr'><strong>Spiritum</strong></span> <span class='ocrx_word' id='word_1_470' title='bbox 335 1065 417 1081; x_wconf 83' lang='lat' dir='ltr'><strong>Sanctum.</strong></span> <span class='ocrx_word' id='word_1_471' title='bbox 427 1074 447 1077; x_wconf 86' lang='lat'><strong>-—</strong></span> <span class='ocrx_word' id='word_1_472' title='bbox 456 1066 479 1081; x_wconf 83' lang='lat' dir='ltr'><strong>Ad</strong></span> <span class='ocrx_word' id='word_1_473' title='bbox 488 1066 500 1081; x_wconf 87' lang='lat' dir='ltr'>D</span> <span class='ocrx_word' id='word_1_474' title='bbox 507 1070 555 1086; x_wconf 73' lang='lat' dir='ltr'><strong>quam</strong></span> <span class='ocrx_word' id='word_1_475' title='bbox 565 1065 585 1081; x_wconf 77' lang='lat' dir='ltr'><strong>ad</strong></span> <span class='ocrx_word' id='word_1_476' title='bbox 594 1065 658 1081; x_wconf 76' lang='lat' dir='ltr'><strong>dantem</strong></span> <span class='ocrx_word' id='word_1_477' title='bbox 668 1069 703 1080; x_wconf 76' lang='lat' dir='ltr'><strong>erse</strong></span> <span class='ocrx_word' id='word_1_478' title='bbox 712 1069 715 1080; x_wconf 95' lang='lat'>:</span> <span class='ocrx_word' id='word_1_479' title='bbox 724 1066 740 1080; x_wconf 87' lang='lat' dir='ltr'><strong>et</strong></span> <span class='ocrx_word' id='word_1_480' title='bbox 749 1064 772 1080; x_wconf 82' lang='lat' dir='ltr'><strong>sic</strong></span> <span class='ocrx_word' id='word_1_481' title='bbox 781 1065 851 1080; x_wconf 88' lang='lat' dir='ltr'><strong>mittitur</strong></span> <span class='ocrx_word' id='word_1_482' title='bbox 858 1070 882 1080; x_wconf 87' lang='lat' dir='ltr'><strong>ra-</strong></span> 
     </span>
    </p>
   </div>
   <div class='ocr_carea' id='block_1_13' title="bbox 104 1090 483 1357">
    <p class='ocr_par' dir='ltr' id='par_1_16' title="bbox 104 1090 483 1357">
     <span class='ocr_line' id='line_1_73' title="bbox 104 1090 480 1110; baseline -0.003 -3"><span class='ocrx_word' id='word_1_483' title='bbox 104 1090 193 1107; x_wconf 72' lang='lat' dir='ltr'><strong>seeundum</strong></span> <span class='ocrx_word' id='word_1_484' title='bbox 202 1090 303 1110; x_wconf 81' lang='lat' dir='ltr'><strong>respondent,</strong></span> <span class='ocrx_word' id='word_1_485' title='bbox 311 1090 354 1110; x_wconf 87' lang='lat' dir='ltr'><strong>quod</strong></span> <span class='ocrx_word' id='word_1_486' title='bbox 362 1090 449 1106; x_wconf 84' lang='lat' dir='ltr'><strong>secundum</strong></span> <span class='ocrx_word' id='word_1_487' title='bbox 458 1095 480 1106; x_wconf 78' lang='lat' dir='ltr'><strong>re-</strong></span> 
     </span>
     <span class='ocr_line' id='line_1_74' title="bbox 104 1114 479 1133; baseline -0.003 -2"><span class='ocrx_word' id='word_1_488' title='bbox 104 1116 164 1131; x_wconf 82' lang='lat' dir='ltr'><strong>tionem</strong></span> <span class='ocrx_word' id='word_1_489' title='bbox 178 1115 218 1130; x_wconf 79' lang='lat' dir='ltr'><strong>hanc</strong></span> <span class='ocrx_word' id='word_1_490' title='bbox 231 1114 311 1130; x_wconf 79' lang='lat' dir='ltr'><strong>missionis</strong></span> <span class='ocrx_word' id='word_1_491' title='bbox 321 1114 342 1130; x_wconf 86' lang='lat' dir='ltr'><strong>sit</strong></span> <span class='ocrx_word' id='word_1_492' title='bbox 354 1115 479 1133; x_wconf 79' lang='lat' dir='ltr'><strong>concedendum,</strong></span> 
     </span>
     <span class='ocr_line' id='line_1_75' title="bbox 105 1138 480 1160; baseline 0 -5"><span class='ocrx_word' id='word_1_493' title='bbox 105 1140 146 1160; x_wconf 81' lang='lat' dir='ltr'><strong>quod</strong></span> <span class='ocrx_word' id='word_1_494' title='bbox 158 1139 199 1155; x_wconf 83' lang='lat' dir='ltr'><strong>sicut</strong></span> <span class='ocrx_word' id='word_1_495' title='bbox 209 1141 241 1155; x_wconf 69' lang='lat' dir='ltr'><strong>tota</strong></span> <span class='ocrx_word' id='word_1_496' title='bbox 248 1138 317 1154; x_wconf 77' lang='lat' dir='ltr'><strong>Trinitas</strong></span> <span class='ocrx_word' id='word_1_497' title='bbox 327 1139 449 1158; x_wconf 79' lang='lat' dir='ltr'><strong>mittitFilium,</strong></span> <span class='ocrx_word' id='word_1_498' title='bbox 459 1139 480 1155; x_wconf 76' lang='lat' dir='ltr'><strong>ita</strong></span> 
     </span>
     <span class='ocr_line' id='line_1_76' title="bbox 104 1164 481 1185; baseline -0.003 -5"><span class='ocrx_word' id='word_1_499' title='bbox 104 1167 120 1180; x_wconf 81' lang='lat' dir='ltr'><strong>et</strong></span> <span class='ocrx_word' id='word_1_500' title='bbox 132 1164 202 1185; x_wconf 79' lang='lat' dir='ltr'><strong>Spiritus</strong></span> <span class='ocrx_word' id='word_1_501' title='bbox 213 1164 280 1180; x_wconf 80' lang='lat' dir='ltr'><strong>Sanctus</strong></span> <span class='ocrx_word' id='word_1_502' title='bbox 294 1164 351 1179; x_wconf 77' lang='lat' dir='ltr'><strong>Filium</strong></span> <span class='ocrx_word' id='word_1_503' title='bbox 364 1164 414 1179; x_wconf 86' lang='lat' dir='ltr'><strong>mittit</strong></span> <span class='ocrx_word' id='word_1_504' title='bbox 426 1168 429 1179; x_wconf 93' lang='lat'>:</span> <span class='ocrx_word' id='word_1_505' title='bbox 443 1164 481 1184; x_wconf 84' lang='lat' dir='ltr'><strong>quia</strong></span> 
     </span>
     <span class='ocr_line' id='line_1_77' title="bbox 105 1188 481 1209; baseline 0 -5"><span class='ocrx_word' id='word_1_506' title='bbox 105 1189 144 1205; x_wconf 77' lang='lat' dir='ltr'><strong>lacit</strong></span> <span class='ocrx_word' id='word_1_507' title='bbox 152 1189 204 1209; x_wconf 85' lang='lat' dir='ltr'><strong>ipsum</strong></span> <span class='ocrx_word' id='word_1_508' title='bbox 211 1188 284 1209; x_wconf 76' lang='lat' dir='ltr'><strong>cognosci</strong></span> <span class='ocrx_word' id='word_1_509' title='bbox 293 1189 335 1209; x_wconf 85' lang='lat' dir='ltr'><strong>quod</strong></span> <span class='ocrx_word' id='word_1_510' title='bbox 343 1188 439 1204; x_wconf 66' lang='lat' dir='ltr'><strong>internaliter</strong></span> <span class='ocrx_word' id='word_1_511' title='bbox 447 1193 481 1209; x_wconf 83' lang='lat' dir='ltr'><strong>pro-</strong></span> 
     </span>
     <span class='ocr_line' id='line_1_78' title="bbox 105 1213 481 1234; baseline 0 -5"><span class='ocrx_word' id='word_1_512' title='bbox 105 1214 148 1230; x_wconf 71' lang='lat' dir='ltr'><strong>cedit</strong></span> <span class='ocrx_word' id='word_1_513' title='bbox 155 1218 164 1229; x_wconf 93' lang='lat' dir='ltr'><strong>a</strong></span> <span class='ocrx_word' id='word_1_514' title='bbox 172 1213 217 1229; x_wconf 79' lang='lat' dir='ltr'><strong>Patre</strong></span> <span class='ocrx_word' id='word_1_515' title='bbox 225 1218 253 1233; x_wconf 81' lang='lat' dir='ltr'><strong>per</strong></span> <span class='ocrx_word' id='word_1_516' title='bbox 262 1213 339 1229; x_wconf 74' lang='lat' dir='ltr'><strong>effectum</strong></span> <span class='ocrx_word' id='word_1_517' title='bbox 348 1213 368 1229; x_wconf 80' lang='lat' dir='ltr'><strong>ab</strong></span> <span class='ocrx_word' id='word_1_518' title='bbox 378 1213 413 1234; x_wconf 91' lang='lat' dir='ltr'><strong>ipso</strong></span> <span class='ocrx_word' id='word_1_519' title='bbox 421 1215 481 1234; x_wconf 82' lang='lat' dir='ltr'><strong>tempo-</strong></span> 
     </span>
     <span class='ocr_line' id='line_1_79' title="bbox 106 1237 481 1258; baseline 0 -5"><span class='ocrx_word' id='word_1_520' title='bbox 106 1238 161 1254; x_wconf 75' lang='lat' dir='ltr'><strong>raliter</strong></span> <span class='ocrx_word' id='word_1_521' title='bbox 169 1237 286 1258; x_wconf 76' lang='lat' dir='ltr'><strong>procedentem.</strong></span> <span class='ocrx_word' id='word_1_522' title='bbox 295 1246 315 1249; x_wconf 88' lang='lat'>—</span> <span class='ocrx_word' id='word_1_523' title='bbox 322 1238 345 1253; x_wconf 78' lang='lat' dir='ltr'><strong>Ad</strong></span> <span class='ocrx_word' id='word_1_524' title='bbox 353 1237 417 1253; x_wconf 84' lang='lat' dir='ltr'><strong>tertium</strong></span> <span class='ocrx_word' id='word_1_525' title='bbox 425 1237 481 1253; x_wconf 85' lang='lat' dir='ltr'><strong>dicunt</strong></span> 
     </span>
     <span class='ocr_line' id='line_1_80' title="bbox 106 1262 481 1283; baseline -0.003 -4"><span class='ocrx_word' id='word_1_526' title='bbox 106 1263 149 1283; x_wconf 80' lang='lat' dir='ltr'><strong>quod</strong></span> <span class='ocrx_word' id='word_1_527' title='bbox 160 1267 191 1278; x_wconf 88' lang='lat' dir='ltr'><strong>non</strong></span> <span class='ocrx_word' id='word_1_528' title='bbox 201 1262 222 1277; x_wconf 82' lang='lat' dir='ltr'><strong>sit</strong></span> <span class='ocrx_word' id='word_1_529' title='bbox 232 1262 280 1281; x_wconf 84' lang='lat' dir='ltr'><strong>idem,</strong></span> <span class='ocrx_word' id='word_1_530' title='bbox 289 1262 351 1282; x_wconf 86' lang='lat' dir='ltr'><strong>operari</strong></span> <span class='ocrx_word' id='word_1_531' title='bbox 362 1267 391 1283; x_wconf 82' lang='lat' dir='ltr'><strong>per</strong></span> <span class='ocrx_word' id='word_1_532' title='bbox 398 1262 455 1278; x_wconf 82' lang='lat' dir='ltr'><strong>Filium</strong></span> <span class='ocrx_word' id='word_1_533' title='bbox 466 1264 481 1278; x_wconf 84' lang='lat' dir='ltr'><strong>et</strong></span> 
     </span>
     <span class='ocr_line' id='line_1_81' title="bbox 106 1286 482 1307; baseline 0 -5"><span class='ocrx_word' id='word_1_534' title='bbox 106 1287 170 1303; x_wconf 80' lang='lat' dir='ltr'><strong>mittere</strong></span> <span class='ocrx_word' id='word_1_535' title='bbox 180 1287 243 1305; x_wconf 82' lang='lat' dir='ltr'><strong>Filium,</strong></span> <span class='ocrx_word' id='word_1_536' title='bbox 252 1287 279 1302; x_wconf 82' lang='lat' dir='ltr'><strong>sed</strong></span> <span class='ocrx_word' id='word_1_537' title='bbox 290 1287 342 1307; x_wconf 84' lang='lat' dir='ltr'><strong>potius</strong></span> <span class='ocrx_word' id='word_1_538' title='bbox 351 1286 453 1302; x_wconf 74' lang='lat' dir='ltr'><strong>manifestare</strong></span> <span class='ocrx_word' id='word_1_539' title='bbox 463 1287 482 1302; x_wconf 60' lang='lat' dir='ltr'><strong>il&gt;</strong></span> 
     </span>
     <span class='ocr_line' id='line_1_82' title="bbox 107 1312 482 1332; baseline -0.003 -4"><span class='ocrx_word' id='word_1_540' title='bbox 107 1312 138 1328; x_wconf 81' lang='lat' dir='ltr'><strong>lain</strong></span> <span class='ocrx_word' id='word_1_541' title='bbox 151 1312 260 1332; x_wconf 80' lang='lat' dir='ltr'><strong>operationem</strong></span> <span class='ocrx_word' id='word_1_542' title='bbox 275 1316 309 1327; x_wconf 76' lang='lat' dir='ltr'><strong>esse</strong></span> <span class='ocrx_word' id='word_1_543' title='bbox 321 1316 350 1332; x_wconf 85' lang='lat' dir='ltr'><strong>per</strong></span> <span class='ocrx_word' id='word_1_544' title='bbox 361 1312 426 1327; x_wconf 79' lang='lat' dir='ltr'><strong>Filium.</strong></span> <span class='ocrx_word' id='word_1_545' title='bbox 438 1312 482 1327; x_wconf 87' lang='lat' dir='ltr'><strong>Unde</strong></span> 
     </span>
     <span class='ocr_line' id='line_1_83' title="bbox 107 1336 483 1357; baseline -0.003 -4"><span class='ocrx_word' id='word_1_546' title='bbox 107 1337 199 1353; x_wconf 74' lang='lat' dir='ltr'><strong>concedunt</strong></span> <span class='ocrx_word' id='word_1_547' title='bbox 209 1337 256 1352; x_wconf 72' lang='lat' dir='ltr'><strong>istam</strong></span> <span class='ocrx_word' id='word_1_548' title='bbox 265 1341 268 1352; x_wconf 75' lang='grc' dir='ltr'><em>τ</em></span> <span class='ocrx_word' id='word_1_549' title='bbox 277 1336 345 1357; x_wconf 84' lang='lat' dir='ltr'><strong>Spiritus</strong></span> <span class='ocrx_word' id='word_1_550' title='bbox 356 1336 423 1352; x_wconf 83' lang='lat' dir='ltr'><strong>Sanctus</strong></span> <span class='ocrx_word' id='word_1_551' title='bbox 434 1336 483 1352; x_wconf 84' lang='lat' dir='ltr'><strong>mittit</strong></span> 
     </span>
    </p>
   </div>
   <div class='ocr_carea' id='block_1_14' title="bbox 507 1089 884 1356">
    <p class='ocr_par' dir='ltr' id='par_1_17' title="bbox 507 1089 884 1356">
     <span class='ocr_line' id='line_1_84' title="bbox 507 1089 881 1110; baseline 0 -5"><span class='ocrx_word' id='word_1_552' title='bbox 507 1090 543 1105; x_wconf 81' lang='lat' dir='ltr'><strong>dius</strong></span> <span class='ocrx_word' id='word_1_553' title='bbox 553 1094 562 1105; x_wconf 90' lang='lat' dir='ltr'><strong>a</strong></span> <span class='ocrx_word' id='word_1_554' title='bbox 571 1090 610 1105; x_wconf 76' lang='lat' dir='ltr'><strong>sole.</strong></span> <span class='ocrx_word' id='word_1_555' title='bbox 618 1089 696 1108; x_wconf 83' lang='lat' dir='ltr'><strong>Secundo,</strong></span> <span class='ocrx_word' id='word_1_556' title='bbox 704 1091 780 1110; x_wconf 71' lang='lat' dir='ltr'><strong>tanquam</strong></span> <span class='ocrx_word' id='word_1_557' title='bbox 790 1090 809 1105; x_wconf 77' lang='lat' dir='ltr'><strong>sd</strong></span> <span class='ocrx_word' id='word_1_558' title='bbox 818 1090 881 1105; x_wconf 85' lang='lat' dir='ltr'><strong>dantem</strong></span> 
     </span>
     <span class='ocr_line' id='line_1_85' title="bbox 507 1114 882 1135; baseline 0.003 -6"><span class='ocrx_word' id='word_1_559' title='bbox 507 1114 583 1130; x_wconf 73' lang='lat' dir='ltr'><strong>virtutem</strong></span> <span class='ocrx_word' id='word_1_560' title='bbox 592 1119 595 1130; x_wconf 74' lang='grc' dir='ltr'><em>τ</em></span> <span class='ocrx_word' id='word_1_561' title='bbox 604 1114 659 1134; x_wconf 81' lang='lat' dir='ltr'><strong>sicque</strong></span> <span class='ocrx_word' id='word_1_562' title='bbox 670 1114 740 1129; x_wconf 89' lang='lat' dir='ltr'><strong>mittitur</strong></span> <span class='ocrx_word' id='word_1_563' title='bbox 748 1114 819 1134; x_wconf 74' lang='lat' dir='ltr'><strong>jaculum</strong></span> <span class='ocrx_word' id='word_1_564' title='bbox 829 1119 839 1130; x_wconf 80' lang='lat' dir='ltr'><strong>a</strong></span> <span class='ocrx_word' id='word_1_565' title='bbox 847 1119 882 1135; x_wconf 81' lang='lat' dir='ltr'><strong>pro-</strong></span> 
     </span>
     <span class='ocr_line' id='line_1_86' title="bbox 507 1138 882 1159; baseline 0 -5"><span class='ocrx_word' id='word_1_566' title='bbox 507 1139 573 1159; x_wconf 80' lang='lat' dir='ltr'><strong>jectorc,</strong></span> <span class='ocrx_word' id='word_1_567' title='bbox 583 1141 599 1154; x_wconf 81' lang='lat' dir='ltr'><strong>et</strong></span> <span class='ocrx_word' id='word_1_568' title='bbox 611 1138 667 1159; x_wconf 78' lang='lat' dir='ltr'><strong>sagitta</strong></span> <span class='ocrx_word' id='word_1_569' title='bbox 680 1143 688 1154; x_wconf 87' lang='lat' dir='ltr'><strong>a</strong></span> <span class='ocrx_word' id='word_1_570' title='bbox 700 1138 789 1159; x_wconf 76' lang='lat' dir='ltr'><strong>sagittante.</strong></span> <span class='ocrx_word' id='word_1_571' title='bbox 798 1139 856 1157; x_wconf 85' lang='lat' dir='ltr'><strong>Tertio,</strong></span> <span class='ocrx_word' id='word_1_572' title='bbox 865 1141 882 1154; x_wconf 93' lang='lat' dir='ltr'><strong>ut</strong></span> 
     </span>
     <span class='ocr_line' id='line_1_87' title="bbox 508 1163 882 1183; baseline -0.003 -4"><span class='ocrx_word' id='word_1_573' title='bbox 508 1164 527 1179; x_wconf 92' lang='lat' dir='ltr'><strong>ad</strong></span> <span class='ocrx_word' id='word_1_574' title='bbox 542 1163 606 1179; x_wconf 79' lang='lat' dir='ltr'><strong>dantem</strong></span> <span class='ocrx_word' id='word_1_575' title='bbox 620 1163 730 1179; x_wconf 68' lang='lat' dir='ltr'><strong>auctoritatem</strong></span> <span class='ocrx_word' id='word_1_576' title='bbox 743 1168 771 1178; x_wconf 85' lang='lat' dir='ltr'><strong>seu</strong></span> <span class='ocrx_word' id='word_1_577' title='bbox 785 1163 882 1183; x_wconf 80' lang='lat' dir='ltr'><strong>jurisdictio-</strong></span> 
     </span>
     <span class='ocr_line' id='line_1_88' title="bbox 508 1187 883 1208; baseline 0 -5"><span class='ocrx_word' id='word_1_578' title='bbox 508 1193 544 1204; x_wconf 82' lang='lat' dir='ltr'><strong>nem</strong></span> <span class='ocrx_word' id='word_1_579' title='bbox 554 1193 557 1204; x_wconf 93' lang='lat'>:</span> <span class='ocrx_word' id='word_1_580' title='bbox 566 1190 582 1203; x_wconf 86' lang='lat' dir='ltr'><strong>et</strong></span> <span class='ocrx_word' id='word_1_581' title='bbox 592 1188 615 1203; x_wconf 83' lang='lat' dir='ltr'><strong>sic</strong></span> <span class='ocrx_word' id='word_1_582' title='bbox 625 1188 694 1203; x_wconf 82' lang='lat' dir='ltr'><strong>mittitur</strong></span> <span class='ocrx_word' id='word_1_583' title='bbox 703 1187 769 1203; x_wconf 89' lang='lat' dir='ltr'><strong>nuntius</strong></span> <span class='ocrx_word' id='word_1_584' title='bbox 779 1192 788 1203; x_wconf 90' lang='lat' dir='ltr'><strong>a</strong></span> <span class='ocrx_word' id='word_1_585' title='bbox 798 1190 883 1208; x_wconf 67' lang='lat' dir='ltr'><strong>praacepto-</strong></span> 
     </span>
     <span class='ocr_line' id='line_1_89' title="bbox 508 1212 882 1232; baseline -0.003 -4"><span class='ocrx_word' id='word_1_586' title='bbox 508 1217 530 1228; x_wconf 83' lang='lat' dir='ltr'><strong>re.</strong></span> <span class='ocrx_word' id='word_1_587' title='bbox 546 1212 565 1228; x_wconf 83' lang='lat' dir='ltr'><strong>Et</strong></span> <span class='ocrx_word' id='word_1_588' title='bbox 579 1212 666 1228; x_wconf 82' lang='lat' dir='ltr'><strong>secundum</strong></span> <span class='ocrx_word' id='word_1_589' title='bbox 682 1216 745 1228; x_wconf 87' lang='lat' dir='ltr'><strong>omnem</strong></span> <span class='ocrx_word' id='word_1_590' title='bbox 762 1212 802 1227; x_wconf 88' lang='lat' dir='ltr'><strong>hauc</strong></span> <span class='ocrx_word' id='word_1_591' title='bbox 817 1216 882 1232; x_wconf 80' lang='lat' dir='ltr'><strong>compa-</strong></span> 
     </span>
     <span class='ocr_line' id='line_1_90' title="bbox 508 1236 881 1256; baseline -0.003 -3"><span class='ocrx_word' id='word_1_592' title='bbox 508 1237 585 1253; x_wconf 81' lang='lat' dir='ltr'><strong>rationem</strong></span> <span class='ocrx_word' id='word_1_593' title='bbox 598 1239 622 1253; x_wconf 79' lang='lat' dir='ltr'><strong>est</strong></span> <span class='ocrx_word' id='word_1_594' title='bbox 634 1236 689 1252; x_wconf 87' lang='lat' dir='ltr'><strong>missio</strong></span> <span class='ocrx_word' id='word_1_595' title='bbox 702 1236 717 1252; x_wconf 88' lang='lat' dir='ltr'><strong>in</strong></span> <span class='ocrx_word' id='word_1_596' title='bbox 730 1236 794 1255; x_wconf 85' lang='lat' dir='ltr'><strong>divinis,</strong></span> <span class='ocrx_word' id='word_1_597' title='bbox 806 1236 881 1256; x_wconf 81' lang='lat' dir='ltr'><strong>quoniam</strong></span> 
     </span>
     <span class='ocr_line' id='line_1_91' title="bbox 508 1260 882 1282; baseline -0.003 -5"><span class='ocrx_word' id='word_1_598' title='bbox 508 1261 577 1282; x_wconf 80' lang='lat' dir='ltr'><strong>Spiritus</strong></span> <span class='ocrx_word' id='word_1_599' title='bbox 586 1261 653 1277; x_wconf 74' lang='lat' dir='ltr'><strong>Sanctus</strong></span> <span class='ocrx_word' id='word_1_600' title='bbox 663 1261 732 1276; x_wconf 89' lang='lat' dir='ltr'><strong>mittitur</strong></span> <span class='ocrx_word' id='word_1_601' title='bbox 741 1265 751 1276; x_wconf 90' lang='lat' dir='ltr'><strong>a</strong></span> <span class='ocrx_word' id='word_1_602' title='bbox 761 1260 806 1276; x_wconf 72' lang='lat' dir='ltr'><strong>Patre</strong></span> <span class='ocrx_word' id='word_1_603' title='bbox 816 1263 832 1276; x_wconf 84' lang='lat' dir='ltr'><strong>et</strong></span> <span class='ocrx_word' id='word_1_604' title='bbox 842 1261 882 1277; x_wconf 80' lang='lat' dir='ltr'><strong>Filio</strong></span> 
     </span>
     <span class='ocr_line' id='line_1_92' title="bbox 509 1285 883 1302; baseline -0.003 0"><span class='ocrx_word' id='word_1_605' title='bbox 509 1286 551 1302; x_wconf 84' lang='lat' dir='ltr'><strong>sicut</strong></span> <span class='ocrx_word' id='word_1_606' title='bbox 559 1290 596 1302; x_wconf 87' lang='lat' dir='ltr'><strong>vere</strong></span> <span class='ocrx_word' id='word_1_607' title='bbox 606 1286 666 1301; x_wconf 84' lang='lat' dir='ltr'><strong>habeus</strong></span> <span class='ocrx_word' id='word_1_608' title='bbox 675 1290 710 1301; x_wconf 74' lang='lat' dir='ltr'><strong>osse</strong></span> <span class='ocrx_word' id='word_1_609' title='bbox 720 1288 735 1301; x_wconf 85' lang='lat' dir='ltr'><strong>et</strong></span> <span class='ocrx_word' id='word_1_610' title='bbox 745 1285 820 1301; x_wconf 85' lang='lat' dir='ltr'><strong>virtutem</strong></span> <span class='ocrx_word' id='word_1_611' title='bbox 830 1287 846 1301; x_wconf 85' lang='lat' dir='ltr'><strong>et</strong></span> <span class='ocrx_word' id='word_1_612' title='bbox 855 1290 883 1301; x_wconf 89' lang='lat' dir='ltr'><strong>au-</strong></span> 
     </span>
     <span class='ocr_line' id='line_1_93' title="bbox 509 1310 883 1331; baseline 0.003 -5"><span class='ocrx_word' id='word_1_613' title='bbox 509 1311 598 1327; x_wconf 79' lang='lat' dir='ltr'><strong>ctoritatem</strong></span> <span class='ocrx_word' id='word_1_614' title='bbox 609 1311 625 1326; x_wconf 90' lang='lat' dir='ltr'><strong>in</strong></span> <span class='ocrx_word' id='word_1_615' title='bbox 635 1310 716 1331; x_wconf 81' lang='lat' dir='ltr'><strong>operando</strong></span> <span class='ocrx_word' id='word_1_616' title='bbox 725 1310 746 1326; x_wconf 84' lang='lat' dir='ltr'><strong>ab</strong></span> <span class='ocrx_word' id='word_1_617' title='bbox 755 1311 783 1326; x_wconf 86' lang='lat' dir='ltr'><strong>eis.</strong></span> <span class='ocrx_word' id='word_1_618' title='bbox 792 1310 836 1326; x_wconf 85' lang='lat' dir='ltr'><strong>Unde</strong></span> <span class='ocrx_word' id='word_1_619' title='bbox 846 1311 883 1327; x_wconf 74' lang='lat' dir='ltr'><strong>mis-</strong></span> 
     </span>
     <span class='ocr_line' id='line_1_94' title="bbox 509 1335 884 1356; baseline 0 -5"><span class='ocrx_word' id='word_1_620' title='bbox 509 1336 533 1352; x_wconf 83' lang='lat' dir='ltr'><strong>sio</strong></span> <span class='ocrx_word' id='word_1_621' title='bbox 540 1335 585 1356; x_wconf 74' lang='lat' dir='ltr'><strong>juxta</strong></span> <span class='ocrx_word' id='word_1_622' title='bbox 593 1337 683 1356; x_wconf 76' lang='lat' dir='ltr'><strong>respectum</strong></span> <span class='ocrx_word' id='word_1_623' title='bbox 691 1335 740 1354; x_wconf 83' lang='lat' dir='ltr'><strong>hunc,</strong></span> <span class='ocrx_word' id='word_1_624' title='bbox 746 1337 770 1351; x_wconf 85' lang='lat' dir='ltr'><strong>est</strong></span> <span class='ocrx_word' id='word_1_625' title='bbox 778 1336 884 1356; x_wconf 79' lang='lat' dir='ltr'><strong>eompletissi-</strong></span> 
     </span>
    </p>
   </div>
  </div>
 </body>
</html>
