1088 1569
172 130 194 141 Ait
205 130 272 142 srmrrus
283 129 349 142 emerus
360 129 489 142 ntsrtttfltnsnwn
500 130 510 141 Α
521 130 560 142 Ριιιι)
570 130 584 141 81
595 129 625 141 nott
636 129 733 142 raocsmsan·
743 130 763 141 an
773 129 792 141 ιο

841 125 872 141 465

113 171 139 187 Ait
151 177 189 192 ergo
201 172 258 189 Doctor
269 173 339 189 solennis
352 177 355 188 :
367 172 396 188 llic
408 174 470 194 oportet
477 172 490 187 Α
499 172 530 188 linc
539 174 592 188 tamen
604 177 632 193 per
639 173 774 193 comparationem
784 172 803 188 ad
814 172 872 188 Filium

92 195 183 217 intelligere
196 198 254 217 primo,
262 202 312 218 quum
324 202 428 218 personarum
439 197 470 213 dis-

92 220 149 237 tinctio
162 221 178 237 iu
194 221 225 238 Deo
240 226 271 237 non
287 224 360 238 sumatur
374 222 405 238 nisi
420 227 469 242 penes

91 245 202 262 emanationes
218 246 237 262 ad
252 246 300 265 intra,
315 247 357 267 quod
373 247 411 267 ipssa
425 251 469 262 ema—

91 270 166 286 nationes
178 271 225 287 aliter
235 272 324 292 respiciunt
335 271 350 287 id
362 276 371 287 a
383 276 415 292 quo
427 276 470 287 ems-

91 297 136 312 nant.
149 297 166 310 et
180 295 227 311 aliter
239 296 255 311 id
267 296 287 311 ad
300 296 342 316 quod
356 296 468 312 terminantur.

90 319 130 335 Nam
139 324 159 335 ex
167 322 212 340 parte
220 320 255 341 ejus
262 325 271 336 s
279 325 311 341 quo
318 323 398 339 emanant,
407 320 469 336 sufficit

91 344 134 364 quod
143 344 160 360 in
171 345 207 365 ipso
213 345 245 361 sint
254 345 333 361 distincta
343 345 411 361 rationes
421 347 468 366 atque

92 368 174 389 principis
188 370 276 385 seeundum
289 375 325 390 qum
339 370 415 385 dicuntur
427 375 469 386 ems-

92 398 136 409 nare.
145 393 167 409 Ex
181 396 226 414 parte
236 399 274 410 vero
284 395 319 415 ejus
331 395 350 410 ed
362 395 404 415 quod
416 395 469 410 termi-

92 420 157 437 nantur,
173 419 260 439 requiritur
276 419 339 435 illarum
354 419 439 435 diversitas
454 422 469 435 et

91 442 173 458 distinctio
181 443 197 459 in
206 448 246 462 esse,
255 446 272 459 ut
281 444 313 459 sint
322 444 430 459 emanationes
438 444 469 459 dis-

497 197 622 217 distingueretur
633 197 653 213 sb
666 198 706 218 ipso.
719 197 734 213 Si
747 197 790 213 enim
802 197 826 212 sic
840 201 871 212 non

497 221 601 242 distinguitur
608 227 617 237 a
626 222 672 240 Filio,
680 222 710 238 hoe
720 224 744 238 est
752 222 776 237 vel
787 221 825 242 quia
834 223 872 236 sunt

497 251 547 262 ullum
560 246 576 262 in
587 246 681 265 substantia,
690 248 717 262 aut
728 248 790 262 tantum
801 250 843 261 unus
855 245 871 261 in

497 276 570 291 persona>
583 271 616 287 Non
630 271 682 292 primo
694 271 746 290 modo,
760 271 835 291 quoniam
848 270 872 286 sie

497 300 526 311 nec
537 300 546 311 a
556 295 601 311 Patre
611 295 740 316 distingueretur.
750 295 790 316 Ergo
800 295 838 316 quia
848 299 872 310 es-

497 322 532 335 sent
545 325 586 336 unus
597 320 613 335 in
626 325 698 341 persona.
709 320 753 338 Quod
764 320 787 336 sie
798 319 872 340 reproba-

497 347 523 360 tur
531 349 535 360 1
543 344 598 360 Solum
609 349 638 365 per
648 345 663 360 id
675 344 722 360 habet
733 349 757 360 res
767 344 872 360 essentialiter

497 369 634 390 personaliterque
644 369 721 389 distingui
732 374 742 385 a
752 369 824 390 quolibet
834 369 871 387 alio,

497 398 526 414 per
533 394 575 414 quod
585 394 692 409 essentialiter
700 396 716 409 et
726 393 830 414 personaliter
837 398 873 409 con-

496 418 568 434 stituitur
575 418 592 434 in
602 423 642 434 esse.
650 418 680 434 Sed
690 418 736 434 Pater
746 418 848 434 constituitur
855 418 872 434 in

496 447 531 458 esse
544 443 662 463 personalitatis
676 443 774 464 proprietate
787 443 873 463 paternita-

91 466 152 483 tincta.
161 467 208 483 Verbi
215 468 272 488 gratia,
280 473 356 488 generare
364 468 445 484 hominem
453 470 468 484 et
478 468 489 484 B
497 467 522 486 tis,
530 469 547 483 et
557 472 588 483 non
600 468 631 483 slis
640 472 643 483 :
653 467 729 488 quoniam
739 467 829 483 communis
840 467 873 488 spi-

91 491 178 512 depingere
194 492 279 513 imaginem
292 497 343 511 suam,
356 494 394 508 sunt
405 497 469 508 emana-

92 516 143 532 tiones
156 517 229 536 diversae,
237 522 273 538 qum
285 517 305 533 ab
317 518 373 533 eodem
385 518 469 538 supposito

92 541 181 561 procedunt
189 546 238 562 penes
246 542 316 557 diversas
324 542 393 558 rationes
401 544 417 558 et
425 542 469 562 prin-

91 565 135 585 cipis
142 565 159 581 in
167 566 203 586 ipso
211 571 215 582 ;
224 571 260 587 qun
269 569 307 582 sunt
317 569 373 582 natura
381 569 396 582 et
405 571 436 582 ars.
446 567 468 582 Ad

92 590 134 605 idem
142 592 195 606 tamen
204 591 286 607 terminari
295 596 326 607 non
334 593 400 611 queunt,
409 591 436 607 sed
444 596 469 607 ne<

91 615 161 630 cessario
171 615 190 631 sd
201 615 269 631 diversa.
278 615 394 631 'transferendo
404 620 441 636 ergo
450 620 469 631 ea

92 644 127 659 quie
135 639 152 655 in
160 640 238 655 creaturis
245 640 324 659 videmus,
333 642 411 661 quantum
420 640 469 660 possi-

92 663 123 679 bile
133 666 164 682 est,
172 664 192 680 ad
200 664 254 680 divina
262 669 266 680 z
274 669 324 685 quum
332 665 413 685 generatio
421 665 468 680 Verbi

91 690 106 703 et
121 689 203 709 processio
215 688 283 709 Spiritus
296 689 349 705 Sancti
361 689 393 705 sint
405 694 469 705 emena-

91 713 142 728 tiones
156 713 220 734 penitus
234 713 301 729 diversoe
313 714 329 729 in
344 713 382 732 Deo,
394 714 468 734 quamvis

91 737 142 753 ambo
153 738 240 758 procedant
249 738 270 753 ab
280 738 335 753 eadem
343 742 416 759 persona,
425 738 468 754 vide-

497 492 537 508 ratio
544 492 596 508 activa
604 492 665 508 nullius
672 494 696 508 est
704 496 776 513 persons
783 492 872 508 constituti<

496 522 521 536 va,
530 522 580 538 quum
588 517 634 538 qussi
644 519 721 538 sequatur
728 521 804 538 personas
814 516 830 532 in
837 521 872 532 esse

497 542 576 562 personali
585 542 618 562 jain
629 542 728 558 constitutas.
737 541 778 562 Ergo
787 541 832 557 Pater
839 541 872 557 sola

497 566 592 587 paternitate
606 571 615 582 a
630 566 702 587 quolibet
717 566 748 582 alie
762 566 871 586 distinguitur,

497 591 529 606 imo
543 593 559 606 et
571 596 581 606 s
593 591 654 611 Spiritu
669 591 727 607 Sancto
741 590 871 611 distingueretur,

496 616 570 636 quamvis
578 620 587 631 s
597 615 642 631 Patre
651 620 683 632 non
694 616 787 636 procederet
796 615 830 636 ipse
837 615 873 636 Spi—

497 640 537 655 ritus
544 640 617 659 Sanetus,
625 640 663 656 dum
674 642 727 656 tamen
735 642 777 656 esset
785 640 872 660 procedens

496 669 505 680 a
515 665 556 680 Filio
566 670 570 680 z
581 665 603 680 sic
614 667 630 680 et
640 665 709 685 Spiritus
720 665 787 680 Sanctus
798 664 871 685 quamvis

497 694 527 705 non
539 689 632 710 procederet
641 694 650 705 a
660 689 705 708 Filio,
714 689 763 705 Filius
773 691 825 705 tamen
836 693 872 710 pro-

496 714 563 734 prietate
574 719 607 730 suae
618 714 702 730 filiationis
712 714 733 730 ab
744 714 779 734 ipso
790 716 831 729 esset
840 714 872 729 dis-

496 739 560 754 tinctus.
573 738 608 754 Haec
619 738 702 754 Henricus.

91 762 128 778 licet
140 762 172 778 Deo
184 762 235 781 Patre,
248 763 336 778 secundum
348 763 431 778 distinctas
445 763 486 778 rit-C
516 763 544 779 Cui
555 764 654 779 concordans
666 763 721 779 Scotua
732 763 755 779 sic
767 763 832 784 arguit:
841 763 872 779 Διι-

91 787 143 803 tionee
159 787 175 802 in
191 787 226 807 ipso
241 787 347 808 personaliter
361 787 468 806 indistinctas,

91 816 127 831 quie
138 813 177 827 sunt
188 813 245 827 natura
257 814 273 827 et
283 811 365 831 voluntas;
377 814 430 827 tamen
442 817 468 827 ne-

91 836 160 852 eessario
178 836 262 856 requirunt
277 841 331 852 veram
348 836 468 852 distinctionem

91 860 197 876 teminorum
205 861 221 876 in
230 865 264 876 esse
274 860 345 881 perfecto
352 861 467 880 emanantium,

91 885 118 905 qui
130 887 169 901 sunt
181 885 231 901 Filius
241 887 257 901 et
267 885 335 906 Spiritus
345 885 417 901 Sanctus.
426 885 468 901 Talis

91 911 145 925 autem
156 909 238 926 distinctio
249 914 280 925 non
292 912 343 930 potest
355 915 390 926 esse
402 910 432 926 nisi
445 915 468 925 se-

91 934 162 950 eundum
172 938 205 950 rem
212 934 283 955 aliquam
292 934 308 950 in
316 934 353 953 Deo,
361 939 397 955 qum
405 939 436 950 non
444 936 468 950 est

92 959 121 974 nisi
134 959 229 979 personalis.
242 958 307 979 Oportet
319 963 356 979 ergo
369 961 387 974 nt
399 959 468 979 Spiritus

91 983 158 999 Sanctus
168 983 273 1004 personaliter
280 983 405 1004 distingueretur
412 988 421 999 ι
428 983 468 999 Filio

92 1008 165 1028 quamvis
173 1012 204 1024 non
213 1008 305 1028 procederet
313 1008 333 1023 ab
341 1013 364 1027 eo,
369 1013 419 1029 quum
428 1013 469 1024 ema-

92 1033 164 1049 nationes
175 1033 209 1048 istae
219 1037 320 1053 nequaquam
329 1033 348 1049 ad
359 1033 432 1049 eamdem
442 1037 468 1048 va-

495 788 569 808 gustinus
580 788 637 808 quinto
648 788 667 804 de
678 788 760 807 Trinitate,
769 788 791 803 Ex
804 788 839 806 hoe,
848 788 872 803 in-

496 813 537 833 quit,
545 815 612 833 apparet
622 813 665 833 quod
675 812 725 828 Filius
733 817 764 828 non
775 812 795 828 sit
802 812 872 833 Spiritus

495 837 568 856 Sanctus,
577 837 652 858 queniam
662 837 712 853 Filius
722 841 754 853 non
764 837 797 853 exit
807 842 816 852 a
827 836 871 852 Patre

496 862 576 882 quemodo
590 862 641 880 datus,
655 862 682 877 sed
698 863 715 877 ut
729 863 788 881 natus3
802 861 871 882 Spiritus

496 886 563 902 Sanctus
575 890 613 902 vem
625 886 657 902 exit
672 890 703 902 non
717 888 735 902 ut
749 888 801 904 natus,
814 886 841 901 sed
854 888 872 901 ut

496 910 547 926 datus.
556 919 576 922 —
583 910 665 929 Pmterea,
677 910 803 931 unumquodque
815 910 870 926 eodem

496 934 585 951 formaliter
597 935 699 950 constituitur
711 935 728 950 in
741 939 776 950 esse
787 937 803 950 et
815 934 871 951 distin-

495 960 550 980 guitur
560 959 580 975 ab
591 959 635 975 omni
645 959 677 975 alio
685 964 688 975 τ
697 959 736 980 quia
745 959 800 975 eodem
812 963 844 980 quo
854 959 870 974 in

496 989 512 1000 se
520 986 543 1000 est
551 989 585 1003 ens,
593 986 616 1000 est
626 984 695 999 divisum
703 983 724 999 ab
733 984 774 999 aliis.
784 983 833 999 Filius
843 988 871 999 su-

496 1011 527 1024 tem
540 1013 571 1025 non
584 1008 636 1024 activa
648 1008 740 1029 spiratione,
752 1009 779 1024 sed
792 1008 871 1024 filiatione

496 1033 512 1049 in
523 1038 558 1049 esse
570 1033 673 1049 constituitur
685 1033 765 1054 personali
777 1038 781 1049 ῑ
792 1038 829 1054 ergo
842 1037 871 1054 per

92 1058 134 1073 leant
145 1058 228 1073 terminari
239 1061 328 1078 personam.
337 1058 395 1078 Sicque
406 1059 468 1078 oportet
476 1059 488 1074 D
496 1058 539 1074 illam
548 1058 603 1074 differt
612 1058 633 1073 ab
642 1058 674 1074 alio
683 1058 733 1074 omni.
741 1058 771 1074 Sed
781 1058 817 1074 dato
827 1058 869 1079 quod

92 1082 138 1098 fateri
148 1082 227 1102 Spiritum
238 1082 313 1097 Sanctum
323 1082 400 1102 distingui
410 1087 419 1097 a
429 1082 468 1098 Filio

92 1107 107 1122 in
119 1108 198 1127 quantum
208 1106 255 1122 ambo
265 1106 370 1122 diversimode
380 1107 468 1127 procedunt

91 1136 100 1147 a
112 1131 163 1149 Patre,
171 1131 220 1146 etiam
230 1131 244 1146 si
255 1135 265 1146 a
276 1130 316 1147 Filio
326 1135 357 1147 non
370 1131 467 1151 procederet.

91 1155 166 1174 Quamvis
174 1155 217 1171 euim
228 1160 247 1171 ex
255 1157 300 1176 parte
310 1155 386 1176 principii
396 1160 427 1171 non
435 1156 468 1171 exi-

91 1182 138 1200 gatur
145 1184 250 1200 personarum
258 1180 344 1198 distinctio,
353 1180 441 1201 requiritur
448 1182 468 1196 ta-

92 1209 127 1220 meu
136 1209 155 1220 ex
164 1206 209 1225 parte
219 1204 283 1220 termini
292 1209 296 1220 z
305 1205 380 1225 quoniam
390 1205 467 1221 terminos

92 1229 210 1245 eman-tionum
219 1231 281 1250 oportet
289 1234 323 1245 esse
333 1229 412 1250 perfectos
420 1230 436 1245 in
444 1234 468 1245 es-

92 1258 109 1269 se
116 1254 232 1274 suhsistentiae;
241 1258 272 1270 non
282 1256 335 1270 autem
346 1254 431 1275 principia,
440 1255 467 1270 sed

93 1278 153 1294 suffieit
165 1279 207 1299 quod
220 1278 252 1294 sint
267 1279 283 1294 in
296 1279 352 1294 eodem
367 1278 438 1299 perfecto
450 1280 467 1294 ut

94 1303 170 1319 distinctae
185 1303 254 1319 rationes
268 1303 331 1324 agendi⁴
344 1303 380 1319 ldeo
394 1304 467 1324 quamvis

95 1327 160 1348 Spiritus
168 1328 235 1344 Sanctus
243 1333 274 1344 non
282 1330 363 1344 emanaret
370 1333 380 1344 a
388 1328 432 1347 Filio,
441 1329 467 1344 ad-

154 1361 171 1374 T.
180 1361 200 1374 19.

495 1083 564 1103 Spiritus
574 1082 641 1098 Sanctus
652 1082 672 1098 ab
683 1083 718 1103 ipso
728 1087 759 1099 non
771 1083 869 1103 procederet,

495 1108 547 1123 adhuc
559 1109 590 1123 stat
600 1109 616 1123 et
628 1109 682 1123 manet
693 1108 710 1123 in
721 1112 739 1123 eo
752 1107 818 1123 formale
830 1107 869 1123 illud

495 1132 594 1153 principium
605 1137 638 1148 sute
649 1132 756 1148 distinctionis
767 1132 787 1148 ab
798 1132 834 1148 aliis
842 1137 846 1148 z
854 1134 870 1147 et

495 1157 518 1173 sie
527 1161 556 1177 per
563 1157 603 1172 illud
614 1156 719 1177 personaliter
728 1157 853 1177 distingueretur
861 1161 870 1172 a

495 1181 555 1201 Spiritu
568 1180 704 1198 Sanew.1tem,=i
715 1180 761 1196 Pater
772 1184 801 1200 per
811 1180 871 1200 impos-

495 1205 542 1221 sibile
550 1209 582 1220 non
590 1204 663 1225 spiraret,
669 1204 721 1220 adhuc
729 1204 854 1224 distingueretur
861 1208 871 1219 a

495 1229 555 1250 Spiritu
565 1229 623 1245 Sancto
632 1233 635 1244 ι
644 1233 681 1249 ergo
691 1230 707 1244 et
718 1228 772 1244 Filius.
780 1237 800 1240 —
807 1228 870 1245 Frater-

494 1259 518 1273 οε,
534 1254 642 1269 emanationes
657 1257 686 1274 per
700 1253 765 1269 modum
779 1255 840 1269 natura
854 1255 870 1269 et

494 1278 581 1294 voluntatis
590 1280 628 1294 sunt
638 1278 659 1293 ita
666 1278 751 1296 distincta,
759 1277 801 1298 quod
812 1277 871 1298 impos-

494 1303 541 1319 sibile
556 1305 571 1319 et
587 1302 717 1323 iucompossibile
733 1304 757 1318 est
771 1307 819 1318 unam
835 1307 869 1318 esse

494 1328 547 1344 aliam.
556 1327 572 1344 Si
582 1329 635 1343 autem
645 1327 753 1343 emanationes
762 1329 800 1343 sunt
808 1327 869 1343 incom-

788 1360 805 1374 ³0
