1088 1569
139 136 215 150 οιιιιιτιιι
225 136 305 148 raomsio
316 136 383 148 srinrrus
394 135 448 147 samm
458 136 468 147 Λ
479 135 585 148 osmarioas
595 136 660 148 meniu
670 136 750 148 nisi-incra
760 137 789 151 sir,
797 136 828 148 erc.
845 132 874 148 501

119 178 164 195 Nunc
175 179 254 199 tangenda
265 180 302 194 sunt
312 178 355 194 dicta
364 178 440 197 Durandi,
449 178 526 197 hiero,
539 183 569 194 nec
582 181 633 199 potest
645 184 679 195 csse
694 179 773 195 inhaerens
786 184 789 195 z
803 179 838 195 ideo
852 181 876 195 est

98 203 184 219 asserentis
198 208 202 219 2
215 203 295 219 Processio
307 203 323 219 iu
336 203 395 219 divinis
408 207 439 219 non
452 205 475 218 est

98 228 138 249 quid
153 228 224 244 medium
236 228 278 244 inter
291 232 374 249 personam
388 228 476 248 producen-

98 255 131 269 tem
143 255 159 269 et
169 253 287 273 procedentem,
296 253 323 268 sed
336 252 388 269 solum
400 252 440 268 <licit
452 257 476 268 re-

98 280 178 298 spectum,
187 280 205 293 ut
217 278 260 298 quod
272 279 296 293 est
307 277 328 293 ab
339 277 376 296 alio,
387 277 412 293 eui
425 282 476 293 eorre-

98 302 167 323 spondet
177 304 259 323 respectus
268 302 357 322 oppositus,
366 304 383 317 ut
393 306 402 317 a
411 306 443 322 quo
452 304 476 317 est

98 327 141 342 alius
149 331 153 342 z
162 327 190 347 qui
199 329 280 347 respectus
290 327 389 342 constituunt
397 328 413 342 et
420 326 476 342 distin-

98 353 150 372 guunt
160 351 224 367 divinas
235 356 316 372 personas.
326 351 366 367 Hinc
377 351 441 371 passiva
449 356 476 371 gc-

99 376 161 392 uer-tio
173 378 197 392 est
209 376 278 395 filiatio;
291 376 358 396 spiratio
370 377 428 393 autern,
442 376 475 391 sive

98 401 151 416 active
158 400 192 416 sive
200 401 263 421 passive
270 402 348 419 sumatur,
357 402 380 416 est
388 400 430 416 idem
438 405 475 416 cum

99 425 204 445 matini-,ibus
216 425 378 445 correspondentibus
392 424 429 440 sibi⁴
442 424 474 440 Nisi

98 450 143 465 enim
155 449 223 465 velimus
235 450 284 470 gratis
296 449 397 468 contendere,
408 454 439 465 non
451 451 475 465 est

503 207 570 223 persona
585 203 678 219 subsistens,
690 204 706 219 Si
721 208 758 224 ergo
771 208 848 224 generare
860 206 877 220 ει

502 227 564 248 spirare
579 228 643 243 realiter
655 228 739 247 differunt,
753 230 839 249 utrumque
853 230 877 244 est

502 252 591 268 subsistens
606 257 683 273 persona,
696 258 778 274 quumque
791 255 877 274 utrumque

502 277 523 292 sit
531 277 547 292 ιιι
555 277 587 293 Deo
597 277 647 296 Patre,
656 279 709 293 essent
718 278 734 293 in
745 278 790 293 Putre
799 278 834 294 duas
842 283 877 298 per-

503 306 551 320 sonae,
560 306 628 322 quarum
639 302 683 318 nulla
694 304 736 318 esset
747 302 795 318 Filius
805 305 832 318 aut
842 302 877 323 Spi-

503 326 543 341 ritus
550 326 622 342 Sanetus.
631 326 650 342 Ει
658 327 734 347 quoniam
742 327 821 347 quidquid
829 329 853 343 est
860 327 876 343 in

502 350 552 369 Patre,
565 353 589 366 est
603 351 653 370 Pater,
667 353 761 372 sequeretur
775 352 817 372 quod
832 352 877 367 Pater

502 377 542 391 esset
553 375 588 391 duoe
598 380 675 396 personas.
684 376 766 395 Proeterea,
775 377 817 396 quod
827 376 844 392 in
853 376 877 392 di-

502 399 544 415 vinis
552 404 637 416 commune
644 402 668 416 est
676 400 749 421 pluribus
759 401 836 421 persom's,
845 405 876 417 non

503 425 548 445 ponit
556 425 572 440 in
580 429 664 440 numerum
673 425 731 441 realem
740 430 777 441 cum
785 425 810 441 his
818 425 877 446 quibus

502 453 587 465 commune
597 451 626 468 est,
635 451 653 465 ιιι
663 452 706 470 patet
714 450 734 465 de
744 450 799 466 divina
808 450 877 465 essentia

98 474 143 490 aliud
150 479 222 495 quaemre
230 474 249 490 de
257 474 348 490 diversitate
356 474 475 494 processionum
484 474 495 489 Β
502 476 518 489 ει
526 473 603 494 personis.
612 474 641 489 Sed
651 474 703 490 aetiva
711 474 777 495 spiratio
787 475 876 490 communis

99 499 166 515 istarum
174 499 262 514 secundum
273 503 312 517 rem,
320 503 369 519 quana
377 503 448 519 quarere
455 498 475 514 de

97 524 192 540 divesitaoe
201 524 302 542 relationum,
311 523 384 544 quamvis
392 523 440 539 aliam
449 523 476 539 ha-

98 548 147 564 beant
162 548 261 568 intelligendi
276 548 353 564 rationem
368 548 393 564 lue
407 550 423 563 et
438 548 474 566 illm,

98 573 137 594 quia
149 573 234 589 relationes
246 572 358 593 significantur
370 577 399 593 per
410 573 474 588 modum

98 598 166 614 aetionis
174 600 202 613 aut
210 597 292 618 passionis.
298 597 382 613 Possumus
389 601 427 617 ergo
434 601 475 613 eoin-

99 627 155 643 parare
162 626 239 642 generare
247 622 266 638 ad
274 622 353 642 generari,
361 624 377 637 et
387 622 448 642 spirare
455 621 474 637 ad

97 647 162 668 spirari.
171 646 229 667 Sicque
237 646 321 662 manifesta
329 649 353 662 est
363 646 419 662 horum
428 646 475 662 realis

97 672 189 690 diversitas,
199 676 249 692 quum
263 671 346 687 includant
357 671 474 692 oppositionem

98 696 189 715 formalem,
204 696 246 711 sicut
260 698 276 711 et
290 695 375 711 manifesta
388 694 412 711 e‘st
428 695 475 711 realis

97 721 191 736 differentia
205 720 247 736 inter
259 720 370 741 paternitatem
382 722 398 735 et
410 719 475 735 filistin-

98 750 141 764 nem,
149 747 166 761 et
177 745 219 760 inter
229 744 322 760 mintionem
334 744 426 765 spirationis
436 744 475 760 acti-

502 500 525 514 εει
537 498 577 514 Patri
588 503 606 514 ac
616 498 661 514 Filio*
670 498 711 519 Ergo
721 503 752 514 non
765 499 810 519 pouit
820 499 837 515 iu
848 504 877 515 nu-

502 527 564 538 merum
579 528 616 539 eum
628 523 694 542 eisdem,
707 528 760 544 neque
771 529 808 539 eum
821 522 876 544 aliquo

502 548 544 568 quod
552 550 576 563 est
584 548 600 563 in
608 547 662 568 aliquo
671 548 748 568 ipsorum.
754 557 773 560 —
779 548 837 564 Eodem
845 553 877 564 mo-

502 572 522 588 do
530 572 612 592 probatur,
621 573 663 593 quud
671 573 743 593 generari
752 575 768 588 et
775 573 836 593 spirare
844 578 876 589 non

502 597 579 612 differunt
590 597 659 616 realiter,
667 597 705 618 quia
716 599 802 618 utrumque
812 598 853 613 inest
861 600 877 613 et

502 622 577 637 convenit
589 621 633 638 Filio.
645 622 716 642 insuper,
725 626 761 642 que
773 626 804 638 non
817 622 876 638 habent

503 646 544 662 inter
551 651 568 662 se
575 646 692 667 oppositionem
700 646 795 662 relationum
803 647 875 667 originis,

502 675 533 686 non
544 671 665 691 distinguuntur
675 671 738 687 realiter
748 671 764 686 in
773 671 837 687 divinis.
845 671 876 687 Scd

503 695 544 711 inter
555 700 631 715 generare
643 697 658 711 et
670 695 737 716 spirare,
748 696 823 711 similiter
834 696 877 712 inter

501 720 573 740 generari
581 722 597 735 et
604 719 667 740 spirari,
674 724 705 735 non
713 722 737 736 est
744 720 823 741 oppositio
830 720 877 740 origi-

502 744 532 763 nis,
544 749 594 764 quum
608 749 657 760 unum
670 745 727 760 horum
740 749 772 760 non
784 745 845 760 oriatur
857 750 876 761 ex

97 774 122 786 va
129 774 147 786 ac
156 769 249 785 relationem
258 769 350 790 spirationis
361 769 432 790 passivae,
439 773 475 790 qute
483 770 495 786 G
501 769 538 784 alio.
547 769 605 784 Verum
613 769 655 785 inter
662 769 734 790 generari
743 771 759 785 et
765 769 822 790 spirari
831 770 877 790 ponit

97 795 158 811 directe
169 794 239 810 invicem
249 796 358 814 opponuntur.

118 819 203 836 Possumus
215 823 280 839 qnoque
293 823 386 839 comparare
398 823 474 839 generare

97 844 117 860 ad
127 844 195 864 spirare,
205 845 221 859 et
230 843 303 863 generari
314 843 333 858 sd
343 843 407 864 spirari.
416 843 474 863 Sicque

97 868 183 884 difficilius
199 870 223 884 est
238 868 319 888 assignare
334 867 403 888 qualiter
417 868 474 883 distin-

96 895 172 914 guantur,
183 897 233 913 quum
246 897 277 908 nen
290 894 392 913 opponantur
404 892 475 908 forumli-

97 920 121 933 ter
130 922 134 933 z
143 917 278 938 quemadmodum
286 916 354 932 difficile
364 919 387 932 est
394 921 474 937 exponere

97 942 179 963 quomodo
190 942 267 957 differant
278 941 364 962 paternitas
375 943 391 957 et
401 946 473 957 commu-

98 968 122 983 nis
130 967 201 987 spiratio,
206 968 222 982 ei
229 966 304 982 similiter
310 966 390 986 quomodo
397 965 474 981 differant

97 992 156 1008 l'iliatio
167 993 182 1007 et
194 991 260 1011 spiratio
271 990 339 1011 passiva.
348 990 437 1011 Dieuutque
446 990 474 1006 ali-

97 1016 125 1037 qui
140 1016 183 1036 qnod
195 1020 272 1036 generare
284 1017 300 1030 et
311 1015 372 1035 spirare
384 1019 415 1031 non
428 1015 474 1031 dille-

98 1043 135 1057 ruut
146 1040 210 1056 realiter
214 1045 219 1060 ;
226 1040 299 1060 generari
310 1044 347 1055 vere
357 1041 373 1055 et
382 1039 440 1060 spirari
451 1040 474 1055 di-

501 794 556 814 opinio
564 794 593 809 ista
602 794 661 810 realem
668 794 792 813 distinctionem,
801 794 839 815 quia
846 795 877 815 spi-

502 821 545 834 ratus
556 820 579 834 est
590 823 599 834 a
609 818 668 839 genito.

521 843 561 859 Huic
573 843 645 864 opinioni
658 843 735 863 objicitur
747 843 799 863 primo
811 844 834 859 sic
842 848 846 859 z
855 843 876 859 Ea

501 872 537 888 qnae
548 872 579 883 non
591 870 657 888 possunt
667 868 752 883 eonvenire
762 868 813 884 eidem
823 873 876 889 respe-

501 894 527 908 ctu
537 892 615 912 ejusdem.
624 897 654 908 non
667 894 704 908 sunt
715 892 757 907 idem
769 892 837 911 realiter,
846 893 876 908 sal-

501 919 533 933 tem
545 922 561 932 re
573 916 650 932 relativa:
660 917 697 937 quia
710 916 791 932 relationis
803 921 843 936 esse,
852 919 876 933 est

501 942 520 957 sd
531 941 574 957 aliud
585 941 610 957 vel
621 941 670 957 alium
682 946 721 957 esse⁴
731 941 810 957 Gener-are
822 944 876 957 autem

501 968 517 982 et
530 966 591 986 spirare
604 970 634 981 non
648 966 745 981 conveniunt
757 966 805 981 alicui
817 966 876 982 divium

502 995 573 1011 persona
585 992 658 1010 respectu
670 990 752 1010 ejusdem;
760 990 834 1006 similiter
847 995 876 1006 nec

500 1015 573 1035 generari
589 1019 618 1030 nec
634 1014 697 1035 spirari>
712 1014 790 1030 Generare
806 1020 876 1035 namque

501 1039 542 1055 Patri
550 1039 627 1060 competit
637 1041 709 1060 respectu
719 1039 761 1058 Filii,
769 1039 831 1060 spirare
838 1044 876 1056 vero

97 1068 137 1082 eunt
151 1064 218 1081 differre
233 1064 301 1080 realiter.
315 1064 373 1083 Primo,
386 1064 424 1085 quia
438 1069 474 1085 quas
482 1065 494 1081 D
502 1066 575 1085 respectu
582 1064 651 1084 Spiritus
658 1063 717 1082 Sancti,
726 1069 757 1080 non
765 1064 807 1080 Filii*
815 1073 835 1076 —
842 1064 877 1081 Am-

97 1092 135 1106 suut
147 1090 164 1105 in
175 1089 235 1105 divinis
247 1089 263 1105 in
275 1089 331 1105 eodem
343 1089 431 1110 supposito,
441 1093 473 1105 non

97 1115 218 1135 distinguuntur
231 1114 319 1129 secundum
335 1118 368 1129 reni
381 1118 385 1129 :
397 1118 473 1134 generare

97 1144 136 1155 veru
148 1141 165 1155 et
176 1139 237 1159 spirare
252 1141 289 1154 sunt
302 1139 318 1154 in
331 1138 381 1154 Patre*
394 1138 472 1157 Secundo,

97 1164 136 1185 quia
149 1164 166 1179 in
179 1163 238 1179 divinis
250 1168 282 1179 non
294 1165 318 1179 est
331 1163 378 1178 realis
392 1163 473 1179 distinctio

98 1189 128 1204 nisi
137 1193 167 1209 per
175 1187 259 1204 relationes
266 1188 352 1208 oppositas.
361 1187 439 1203 Generare
446 1192 474 1203 au-

98 1216 130 1229 tem
141 1215 157 1229 et
168 1212 229 1233 spirare
240 1217 271 1228 non
283 1212 339 1228 dicunt
350 1212 434 1228 relationes
445 1212 474 1228 hu-

96 1237 174 1259 jusmodi,
182 1242 233 1258 quum
244 1237 277 1252 siut
287 1237 303 1252 iu
314 1237 369 1253 eadem
380 1236 429 1252 Patris
441 1241 474 1257 per-

97 1267 136 1279 sona
153 1267 156 1278 :
172 1262 215 1282 qnod
230 1261 335 1278 relationibus
349 1261 428 1282 oppositis
442 1266 474 1277 non

98 1287 175 1308 competit
188 1287 204 1302 in
217 1286 281 1302 divinis.
291 1286 361 1307 Denique
373 1286 475 1302 confirmatio

99 1318 117 1328 ac
131 1311 219 1328 declaratio
234 1311 290 1332 primas
307 1311 372 1327 rationis
388 1313 417 1330 est,
433 1312 475 1332 quod

100 1336 178 1357 quidquid
187 1338 211 1352 est
219 1336 235 1352 in
243 1335 280 1354 Deo,
286 1338 310 1351 est
318 1335 381 1351 realiter
389 1336 431 1352 idem
438 1341 475 1352 cum

502 1089 550 1110 plius,
558 1089 620 1104 duabus
631 1089 735 1104 relationibus
745 1089 831 1110 disparatis
841 1094 877 1110 spe-

501 1114 526 1130 cie
536 1114 561 1129 vel
574 1113 620 1134 quasi
633 1113 686 1133 specie
698 1113 817 1132 differentibus.
825 1118 877 1130 eorre-

501 1139 581 1159 spondent
591 1138 626 1154 tluae
637 1138 721 1154 relationes
731 1138 785 1158 specie
795 1139 820 1154 vel
831 1139 876 1159 quasi

501 1163 555 1184 speeie
567 1162 660 1178 differentes
672 1167 676 1178 ¹,
688 1163 764 1183 quoniam
778 1168 809 1178 uua
821 1168 877 1179 secun-

501 1188 539 1203 ‹lum
551 1187 621 1208 speciem
632 1187 688 1203 relatio
700 1191 732 1203 non
744 1187 831 1207 opponitur
842 1187 877 1208 plu-

502 1212 546 1228 ribus
562 1211 666 1227 relationibus
680 1211 734 1232 specie
748 1211 833 1227 distinctis.
846 1211 876 1227 Scd

501 1236 574 1257 generari
588 1238 604 1252 et
618 1236 675 1256 spirari
691 1238 729 1251 sunt
742 1236 778 1252 due
792 1236 876 1252 relationes

502 1261 556 1282 specie
563 1260 662 1276 differentes.
671 1260 711 1280 Ergo
721 1260 805 1276 relationes
812 1261 835 1276 eis
843 1265 877 1277 cor-

503 1285 621 1306 respondentes,
632 1284 706 1300 videlicet
716 1289 792 1305 generare
802 1287 817 1300 et
826 1285 877 1305 spira-

503 1315 525 1329 re,
533 1310 612 1326 differunt
624 1309 678 1330 speeie
690 1311 716 1325 aut
729 1310 775 1330 quasi
787 1310 841 1330 specie
849 1314 853 1325 z
861 1312 877 1326 et

504 1336 525 1351 ita
533 1335 653 1355 distinguuntur
661 1334 730 1353 realiter,
738 1339 788 1355 quum
796 1335 829 1350 sint
838 1335 878 1350 rela-
