1088 1569
153 393 164 404 p.
171 390 210 401 aar.

219 117 249 133 ‘96

387 122 403 134 nt
413 121 468 134 unm
479 121 484 133 Ι
494 121 615 133 summum
626 126 646 128 —
657 121 696 133 mss.
707 121 745 137 ¹1n3
756 121 813 136 QVBST.
825 122 830 133 1

219 164 269 184 lectae,
277 164 412 185 quemadmodum
423 164 495 185 genitum
506 163 595 179 similitudo
602 163 615 179 Α
622 163 638 179 in
650 163 712 180 duobus
721 168 725 180 t
733 168 784 179 nexu}
795 168 864 184 namque
876 168 904 180 seu
917 164 999 185 processio

218 191 243 205 est
253 190 352 210 generantis;
367 189 393 205 sod
409 189 428 205 ad
441 193 512 204 amorem
527 190 594 209 spectat,

219 218 250 230 non
261 214 304 234 qnod
315 214 349 234 ipse
360 218 406 229 amor
417 213 437 229 sit
447 213 536 229 similitudo
546 213 595 228 amati

218 240 246 254 ent
253 238 304 257 voliti,
310 239 338 254 scd
346 238 361 254 in
371 240 449 259 qnantum
456 237 545 253 similitudo
554 237 596 258 prin-

218 263 279 283 cipium
291 265 314 279 est
326 263 396 282 amandi,
405 265 481 283 tanquam
494 262 566 278 incitatio
575 262 595 278 ad

218 288 311 304 amsndum.
319 288 362 303 Unde
374 292 406 303 non
415 287 489 307 sequitur
498 287 541 307 quod
551 291 596 302 emor

218 312 239 328 sit
249 313 318 333 genitus,
326 313 353 328 sed
367 312 409 333 quod
420 312 483 332 genitus
496 311 594 332 principium

218 337 240 352 sit
251 337 315 353 amoris.
324 346 344 348 —
351 336 387 352 Hmc
399 336 415 352 in
427 336 498 352 Summa.
508 336 527 351 m
539 336 594 351 eadem

219 362 275 378 scribit
288 362 303 377 in
319 361 384 377 Summa
398 363 453 377 eontra
467 361 540 381 gentiles,
554 360 595 376 libre

220 388 282 407 quarto,
290 388 308 402 nt
317 386 403 406 allegatum
415 388 439 401 est
449 390 503 406 snpra*

239 411 259 426 At
266 415 304 427 vem
311 410 366 426 Petrus
377 415 406 431 pro
415 410 473 426 horum
483 409 596 426 concordantia

219 435 288 451 scribit:
297 435 410 451 Concor-dando
422 435 490 455 primam
504 436 519 450 et
532 434 595 450 tertiam

622 193 651 208 per
665 188 730 204 modum
743 193 799 207 nexus,
812 188 828 204 in
841 188 904 205 duobus
919 189 998 205 consistit.

622 212 680 233 Sicque
689 213 782 229 differentia
792 213 832 229 redit
843 213 859 229 in
870 213 975 234 principium,
983 216 1000 229 et

622 239 646 253 est
654 237 676 253 ibi
685 237 725 253 ratio
732 237 820 253 circularis.
826 237 867 253 Hinc
874 238 948 258 sequitui·
955 238 999 258 quod

623 262 674 283 prima
693 262 750 278 herum
769 262 887 278 emanationum
906 262 1000 278 differentia

622 291 654 303 non
662 289 685 302 est
693 287 771 302 sumenda
779 291 799 302 ex
806 289 852 308 parte
859 287 965 303 terminorum
974 292 1001 303 ne-

622 316 654 332 que
661 311 798 332 principii.—Sed
806 312 906 332 pensandum
913 312 955 332 quod
964 317 1001 328 con-

622 336 669 356 tingit
680 336 723 356 loqui
735 336 754 351 de
765 336 893 352 emanationibus
903 336 938 352 istis
949 341 1000 357 quan-

623 362 656 376 tum
667 361 687 376 ad
698 365 738 379 esse,
746 362 762 376 et
773 362 850 381 quantum
862 361 881 376 ad
891 361 975 381 distingui.
983 361 1000 377 Si

623 387 700 406 quantum
716 385 736 401 ad
752 390 792 404 esce,
807 385 830 401 sic
846 385 906 401 hebent
921 385 1000 401 rationem

622 409 685 425 essendi
696 414 706 425 a
718 409 752 425 suis
763 409 838 430 perfectis
851 409 936 430 principiis
949 412 965 425 et
978 410 1001 426 fe-

623 434 685 450 cundis.
698 434 738 453 Quia
750 434 793 450 enim
806 434 822 450 in
838 434 870 450 Deo
882 434 1000 455 perfectissima

219 460 318 481 opinionem,
333 460 409 480 quonism
428 461 495 480 utraque
512 463 549 475 vera
566 460 594 477 est,
604 460 616 476 Β
623 461 647 475 est
657 461 719 477 natura,
728 459 764 475 ideo
774 459 844 480 perfecta
854 459 944 475 fecunditas
954 462 1001 475 natu-

219 484 292 505 qunmvis
308 484 360 505 prima
374 484 395 499 sit
409 484 494 502 diminuta,
509 483 595 499 dicendum

220 509 262 530 quod
275 509 308 525 istae
319 509 428 530 processiones
439 508 518 524 differunt
528 513 545 524 se
556 507 595 528 ipsis

219 534 312 552 formaliter,
318 538 348 549 non
357 533 463 554 originaliter;
469 533 496 549 sed
504 537 553 553 penes
560 537 596 553 sup-

220 559 272 579 posita
282 561 298 574 et
308 558 367 574 formas
378 563 388 573 a
398 558 457 578 quibus
468 558 485 573 hi
496 559 541 573 actus
552 561 595 577 egre-

219 583 291 602 diuntur,
303 583 378 599 videlicet
392 587 440 603 penes
454 582 565 603 paternitatem
580 584 595 597 et

219 608 323 628 spii-:tionem
331 611 439 626 communem,
447 611 487 627 quas
494 608 558 627 oportet
565 606 596 622 ‹lif-

219 632 261 648 ferre
269 637 286 648 so
294 632 339 653 ipsis,
347 631 426 647 differunt
434 633 501 652 utroque
510 631 563 649 modo,
572 633 595 646 ut-

220 659 256 677 pote
264 656 353 673 formaliter
360 658 376 672 οι
382 656 487 676 originaliter.
493 656 528 671 ΗΜ
533 655 594 671 Petrus.

242 681 309 702 insuper
322 681 433 697 Bonaventura
448 685 451 696 :
467 680 556 698 Generatio,
572 680 595 695 in-

219 706 260 727 quit,
268 708 284 722 et
294 706 361 727 spiratio
372 706 424 721 activa
436 705 514 721 differunt
527 709 558 720 non
571 708 596 720 so-

220 731 253 746 lnm
266 731 353 746 secundnm
367 730 444 746 rationem
458 729 527 748 dicendi,
539 729 567 745 sed
580 731 595 744 et

623 488 644 499 rm
657 483 673 499 in
687 484 768 504 hypoatasi
782 483 851 499 habente
864 484 942 500 rationem
956 484 1000 504 prin-

623 508 661 529 cipii
677 513 681 524 z
697 508 739 524 unde
754 513 808 524 veram
823 510 839 524 et
854 509 936 529 propriam
951 509 1000 524 habet

623 533 745 551 emanationem,
759 537 794 553 qum
808 533 890 553 generatio
902 533 999 554 appellatur.

623 557 697 573 Similiter
705 557 824 578 intelligendum
832 557 852 573 de
859 558 945 578 spiratione
952 563 1001 578 quan-

624 584 657 598 tum
668 582 687 598 sd
699 582 803 598 voluntatem.
811 582 851 598 nino
862 582 903 598 ratio
913 587 964 603 quare
975 583 1000 598 hm

623 607 732 622 emanationes
746 609 783 623 sunt
795 607 811 622 in
824 607 861 626 Deo,
873 609 897 623 est
909 607 1000 623 fecunditas

623 634 684 647 naturas
696 633 712 647 et
722 631 814 648 voluntatis.
823 631 839 647 Si
850 633 904 647 eutem
917 632 1000 652 loquimur

623 656 642 671 de
656 656 679 671 eis
695 658 774 676 quantum
790 656 809 672 ad
825 656 897 675 differre,
912 656 1000 672 dicendum

623 681 665 701 quod
678 680 757 696 differunt
767 685 784 696 se
797 681 836 701 ipsis
845 685 849 696 z
859 681 936 701 quoniam
947 681 1001 696 omnis

622 705 703 721 distinctio
711 705 728 721 in
736 705 795 721 divinis
803 705 847 721 venit
854 710 864 721 a
871 705 923 721 modis
932 705 1001 726 originis

622 732 638 745 et
650 730 740 750 reletionis3
749 732 765 745 et
777 730 818 746 sicut
829 730 940 746 distinctiones
952 729 1001 745 diffe-

219 755 308 771 secundum
320 754 428 771 differentiam
444 754 510 775 originis
521 756 537 769 et
550 753 595 769 habi-
604 754 615 770 C
623 754 710 770 rentiarnin
721 754 823 770 innotescunt
831 754 877 770 nobis
884 759 914 775 per
920 755 961 770 alias
969 754 1001 770 dif-

219 780 288 800 tudinis;
297 780 333 795 talis
342 781 395 795 antem
406 778 497 795 differentia
507 778 534 794 uni
542 783 595 794 essen-

219 805 245 821 tiae
253 809 284 820 non
295 806 378 825 repugnat.
387 804 430 822 Quod
441 803 454 819 si
465 805 546 824 quaratnr
556 803 595 818 ratio

219 829 315 845 disten-entim
327 829 446 845 emenationum
460 828 531 847 istarum,
541 828 595 843 dicen-

219 854 257 870 dnm
265 854 308 875 quod
319 853 371 874 prima
381 853 421 869 ratio
430 852 516 868 differendi
526 857 558 868 non
568 857 595 873 po-

219 881 250 894 test
259 878 335 899 assignari
346 882 365 893 ex
376 879 420 898 parte
430 877 534 893 terminorum
544 877 595 897 :quia

219 908 273 919 earum
289 902 353 918 termini
369 904 406 918 sunt
421 906 498 922 personas,
511 906 547 922 qum
562 905 593 917 non

219 928 306 948 important
316 927 393 943 rationem
405 926 491 942 differendi
501 926 558 944 active,
567 926 593 941 sed

219 952 287 973 passive.
298 952 314 967 Si
326 956 364 972 ergo
376 955 447 972 persone
459 950 542 969 differunt,
552 955 594 971 qute-

219 977 260 992 ritur
269 976 336 997 qnibns;
345 978 360 992 et
371 980 435 991 necesse
444 978 468 991 est
478 975 497 991 ad
507 975 594 991 emanatio-

219 1006 247 1017 nes
255 1003 270 1017 et
278 1001 363 1017 relationes
372 1000 430 1019 redire,
438 1005 474 1021 qum
483 1002 521 1015 sunt
528 1004 594 1020 genere-

218 1026 241 1042 tio
248 1028 264 1041 et
271 1025 350 1047 processio
356 1030 359 1041 z
364 1025 418 1045 sicque
426 1025 442 1040 in
450 1025 480 1040 hac
487 1024 594 1045 assignatione

622 778 698 795 ferenties
710 783 746 800 qum
757 779 832 795 oriuntur
844 779 864 795 al>
876 779 914 798 illis,
923 779 945 795 ita
955 781 972 795 et
983 779 999 795 in

622 803 686 819 divinis.
694 803 733 819 Nam
744 804 820 824 quoniam
831 804 912 824 generatio
922 806 938 820 et
948 804 1000 825 spin-

622 828 645 844 tio
657 828 777 848 distinguuntur
788 833 805 844 se
818 828 862 849 ipsis,
872 828 892 844 ad
904 833 930 844 eas
943 833 1000 844 conse-

622 854 694 872 quuntur
706 853 794 868 secundum
807 853 884 869 rationem
897 853 999 873 intelligendi

622 877 657 893 aliae
670 877 766 893 dinei-entim
778 878 818 894 duae.
829 877 887 896 Prima,
896 878 939 898 quod
951 882 1000 898 gene-

623 902 663 918 ratio
670 904 694 918 est
701 902 722 918 ab
732 906 770 921 uno,
778 902 845 923 spiratio
852 907 862 918 a
869 902 937 918 duobus.
946 902 999 921 Quum

622 926 665 942 enim
677 926 758 947 generatio
769 926 790 942 sit
800 927 879 943 emanatio
891 931 921 947 per
932 927 999 943 modum

623 951 696 972 perfecta>
702 951 825 970 assimilationis,
831 951 866 967 ideo
873 952 892 967 ad
900 956 948 967 unum
957 952 1000 972 prin-

622 976 683 996 cipium
699 976 776 996 respicit3
789 976 827 997 quia
839 981 878 992 vero
891 976 960 997 spirat-iu
974 979 999 992 est

622 1000 702 1016 emanatio
716 1005 745 1021 per
760 1001 824 1016 modum
839 1001 949 1019 connexionis,
963 1001 999 1017 ideo

622 1027 646 1041 est
657 1030 667 1040 a
679 1025 747 1041 duobus.
758 1025 793 1041 Alia
805 1027 828 1041 ost
840 1025 933 1041 differentia
944 1026 997 1046 quoad

219 1051 289 1067 circulus
304 1051 339 1066 erit.
353 1050 430 1066 Similiter
444 1054 463 1065 ex
478 1051 522 1070 parte
535 1049 594 1070 princi·
602 1051 614 1067 D
622 1054 656 1065 nos*
666 1049 716 1068 Quum
729 1050 788 1065 ete-nim
801 1050 870 1070 Spiritus
881 1050 949 1066 Sanctus
961 1055 999 1071 pro-

219 1075 289 1096 piorum.
297 1075 313 1091 Si
323 1079 392 1095 namque
402 1074 476 1090 dicentur
485 1073 594 1090 emanationes

219 1100 253 1116 ism
265 1099 330 1115 differre
344 1099 433 1115 secundum
445 1099 526 1119 duplicem
540 1098 594 1114 fecun-

219 1124 284 1140 ditatem
301 1126 362 1140 natum
378 1126 394 1139 et
409 1123 501 1142 voluntatis,
516 1123 594 1144 quaritur

219 1149 299 1170 quomodo
309 1148 374 1164 differat
385 1148 474 1164 fecunditas
485 1153 494 1164 ι
506 1147 594 1163 fecundita-

218 1176 239 1190 te.
245 1173 261 1189 Si
269 1173 312 1189 dicas
320 1173 361 1193 qnod
370 1173 459 1189 fecunditas
467 1174 527 1188 natum
535 1172 551 1188 in
560 1172 594 1188 solo

218 1199 240 1214 sit
247 1198 296 1217 Patre,
305 1197 394 1213 fecunditas
402 1202 440 1213 vero
447 1197 533 1213 voluntatis
541 1197 557 1212 in
566 1196 594 1212 Pa-

218 1225 243 1239 tre
255 1225 270 1238 et
282 1222 327 1241 Filio,
340 1222 418 1242 quaritur
430 1222 471 1237 ultra
486 1221 529 1237 unde
540 1221 594 1237 veniat

218 1247 310 1263 differentia
320 1247 350 1262 ists
358 1251 362 1262 z
371 1248 387 1262 et
396 1248 459 1267 oportet
467 1246 487 1261 ad
495 1246 525 1261 hoc
533 1245 592 1264 venire,

218 1272 260 1293 quod
272 1271 361 1288 fecunditas
372 1273 432 1287 natura
444 1272 468 1286 est
480 1270 496 1286 in
509 1275 547 1288 uno,
556 1270 594 1290 qnia

218 1296 270 1317 image
281 1296 369 1317 precedens
380 1300 409 1316 per
421 1295 465 1311 illam
476 1297 513 1311 nata
523 1297 547 1311 est
559 1299 593 1311 esse

217 1321 269 1337 solnm
279 1321 299 1337 ab
309 1325 350 1341 uno3
359 1320 448 1336 fecunditas
456 1324 493 1336 vero
500 1319 592 1338 voluntatis,

622 1074 667 1090 cedat
675 1076 692 1089 ut
700 1076 770 1093 nectens,
778 1076 794 1090 ot
802 1075 824 1090 ita
834 1076 851 1090 ut
859 1074 874 1090 in
883 1074 952 1090 alterum
964 1077 999 1090 ten-

621 1099 666 1117 dens,
679 1098 714 1114 ideo
730 1099 802 1119 procedit
816 1101 833 1114 ut
848 1099 932 1115 donabilis.
947 1099 998 1115 Filius

621 1128 659 1139 vere
668 1125 754 1143 generetur
762 1128 765 1139 :
773 1124 854 1144 generatio
864 1126 917 1139 autem
930 1128 961 1140 non
974 1129 998 1140 re-

621 1148 669 1168 spicit
681 1148 751 1163 tertium.
760 1148 789 1164 Per
801 1148 829 1164 lias
841 1148 942 1164 differentias
954 1150 997 1169 patet

621 1172 744 1188 concomitantia
751 1173 869 1189 emanationum
877 1173 943 1189 istarum
949 1178 953 1189 ε
958 1173 996 1194 quia

621 1197 687 1217 spir-etio
698 1197 725 1212 dat
735 1197 857 1218 praeintelligere
869 1198 995 1218 generationem,

621 1226 652 1237 non
664 1221 707 1237 euim
721 1223 808 1237 nectuntur
818 1222 849 1237 nisi
860 1222 931 1238 distincti
944 1227 963 1238 ac
975 1222 996 1238 si-

621 1246 676 1265 miles;
686 1246 761 1262 similiter
769 1246 851 1266 generatio
861 1246 888 1262 dat
897 1251 996 1267 consequen-

621 1272 645 1286 ter
657 1270 745 1291 intelligere
758 1270 868 1291 spirationem,
878 1271 918 1292 quia
930 1276 995 1287 necesse

620 1297 645 1310 est
652 1295 735 1311 distinctas
742 1295 808 1311 omnino
816 1295 908 1311 consimiles
918 1295 995 1312 delicioso

620 1324 674 1336 amore
684 1319 766 1340 conjungi.
778 1319 813 1336 Haec
824 1320 940 1336 Bonaventnra.
