1088 1569
211 114 231 130 7⁸
354 118 450 132 amsi-nouas
461 118 524 130 suvia
535 118 583 129 ustus
594 118 715 130 seman-timum
727 124 747 126 —
757 119 814 133 onzsr.
827 114 847 131 iv*

209 161 290 177 clai-antur
300 161 405 181 providentia,
416 160 500 181 sapientia,
511 160 584 181 omnipo-
592 160 604 176 Α
612 161 652 176 teria
660 161 793 182 theologia-Quin
801 164 817 177 et
824 162 912 178 secundum
919 162 992 183 glossam

209 185 263 204 tentia,
272 185 387 204 misericordia,
396 187 412 201 et
421 185 483 205 justitia
493 185 526 201 Dei,
534 194 554 197 —
561 185 584 200 Ad

209 210 290 230 quintum.
303 210 345 231 quod
361 210 425 226 illorum
437 212 461 226 est
475 215 506 225 unu
518 210 585 226 scientia

209 234 295 250 habitualis
303 235 396 255 theologica,
402 237 467 255 propter
474 234 585 250 habitudinem

209 259 257 275 unius
267 259 286 275 ad
296 259 345 275 aliud.
353 268 374 271 —
381 259 404 275 Ad
414 261 482 278 sextum,
491 259 534 279 quod
542 259 585 275 theo-
595 262 598 264 ’

209 284 251 304 logia
264 284 324 299 dicitur
337 288 372 300 esse
386 283 456 303 moralis,
469 283 557 302 rationalia,
569 285 585 299 et

210 308 292 327 natumlis,
301 313 329 329 per
340 310 430 329 respectum
441 308 460 324 ud
472 309 542 324 diversas
553 313 586 324 ma-

210 333 258 349 terias
267 333 287 349 de
297 333 356 354 quibus
366 335 422 349 tractat
431 338 434 349 :
443 338 479 354 quoe
488 335 542 349 tamen
551 337 585 349 om-

210 362 238 373 nes
245 358 264 373 ad
273 362 323 374 unurn
331 358 414 378 theologiae
421 357 512 378 subjectum
521 357 586 373 habitu-

210 382 263 398 dinem
275 383 369 399 sortiuntur.
377 392 398 394 —
405 383 428 398 Ad
439 383 531 403 septimum,
542 382 585 403 quod

210 409 242 423 tarn
260 408 354 423 naturaliter
368 408 388 424 de
403 408 436 424 Deo
452 407 520 426 scibilia,
536 412 585 428 quam

210 432 352 453 supernaturaliter
359 432 464 453 agnoscibilia
471 432 491 448 de
498 432 559 451 eedem,
565 432 585 447 ad

612 185 698 206 quamdam
709 190 757 206 super
765 186 824 202 librum
832 186 936 205 Psalmorum,
944 187 993 203 Chri-

612 212 646 225 stus
658 215 727 230 sponsus
739 212 755 226 et
767 210 801 231 ejus
814 215 879 231 sponsa,
892 216 919 227 seu
932 214 949 227 ut
961 211 992 227 alii

612 234 673 253 dicunt,
682 237 724 251 totus
734 235 812 254 Christus,
821 235 836 251 id
844 238 869 251 est
876 238 924 256 caput
931 238 947 251 et
954 236 993 256 ejus

613 259 690 278 membra,
706 262 743 275 sunt
759 260 842 280 theologiae
858 260 954 280 subjectum,
970 269 993 272 -

613 283 665 302 Sexto,
673 284 693 299 de
704 284 776 304 subjecto
787 286 850 305 oportet
861 289 993 305 pnecognoscere

613 308 652 328 quid
666 310 696 327 est,
708 310 724 324 et
739 308 777 329 quia
791 311 821 328 est,
834 311 851 324 ut
863 309 923 325 dicitur
937 309 992 330 primo

612 332 724 349 Foster-iorum⁴
735 333 765 349 Sed
776 333 796 349 de
808 333 839 349 Deo
850 334 867 350 in
879 334 909 349 hac
921 334 953 350 vita
963 338 993 350 co-

612 362 689 377 gnoscere
696 362 728 373 non
736 358 808 374 valemus
816 358 855 379 quid
863 360 892 377 est,
901 361 918 374 ut
925 358 992 374 divinus

613 381 697 403 Dionysius
707 383 764 403 quinto
774 382 843 404 Hystica
853 383 936 404 theologia
947 383 993 404 capi-

613 406 652 425 tuto,
661 409 676 422 et
685 406 789 423 Damascenua
798 408 850 428 primo
857 408 898 424 libro
906 410 990 423 testantur.

613 440 633 442 —
640 431 716 452 Septimo,
725 432 763 452 quia
772 432 878 453 singularium
889 437 921 448 non
929 434 952 448 est
961 432 992 448 sci-

211 461 260 472 unum
268 457 349 477 pertinent
356 457 438 478 theologiis
445 457 585 477 subjectum,qued
593 457 605 473 Β
613 456 656 471 entia
667 461 671 471 1
683 456 725 472 Deus
736 458 789 472 eutem
802 459 826 472 est
839 457 908 473 maxime
920 457 992 477 singula-

210 483 234 497 est
242 481 310 502 ipsemet
316 481 468 502 superdignissimus
476 481 520 500 Deus,
526 481 546 497 de
553 486 585 502 quo

211 506 250 521 nihil
261 506 320 522 certius
332 511 380 526 quun
393 506 431 527 quia
442 508 471 525 ost,
481 508 497 522 et
509 506 549 522 nihil
562 506 586 521 in-

210 530 269 546 certius
282 535 330 551 quam
342 531 381 551 quid
396 533 425 546 eat.
438 540 458 542 —
470 530 492 546 Ad
505 532 585 550 octavum,

211 555 253 576 quod
266 555 307 571 sicut
322 555 363 571 liber
375 555 493 571 Sententiarum
505 557 529 571 est
544 560 586 571 unus

211 580 252 595 liber
260 580 317 599 totalis,
324 582 339 596 et
346 585 402 596 omnes
410 580 447 596 libri
455 580 541 601 Scriptum
548 581 586 595 sunt

211 609 253 620 unus
261 605 321 625 integer
329 604 375 623 liber,
381 605 409 625 qui
417 604 468 620 Biblis
475 606 585 625 nuncupatum

211 629 234 645 sic
244 629 260 645 in
270 631 303 645 toto
313 629 342 645 hoc
353 629 394 645 libro
404 634 436 645 una
446 629 499 645 totalis
509 631 524 644 et
535 629 587 650 perfe-

211 656 236 669 ctu
244 654 332 674 theologica
341 654 408 670 seientia
415 654 507 670 continetur
515 658 533 669 ac
541 654 588 669 tradi-

212 678 293 694 ηιμ-Λα
302 683 367 697 nouum,
373 679 416 699 quod
424 680 492 699 quatuor
499 678 522 694 illi
530 683 586 694 sensus

211 703 298 723 Scriptum
311 703 331 718 ad
345 703 418 719 eamdem
433 703 513 724 pertinent
528 703 587 719 theolo-

210 728 259 748 giam,
267 728 402 748 quemadmodum
410 728 430 743 ad
438 728 512 743 eumdem
522 732 586 743 sensum

614 480 641 495 ris⁴
649 489 669 492 —
676 480 739 500 Octavo,
748 481 821 501 subjecto
831 481 902 497 scientim
913 482 992 502 competit

614 505 672 520 habere
686 505 790 526 principium,
803 508 819 521 et
832 508 889 527 partes,
903 508 918 522 et
931 506 991 527 passio-

614 534 642 545 nes
650 534 654 545 τ
663 534 732 550 quorum
743 530 806 546 nullum
817 530 894 551 competit
904 530 991 551 simplicia-

614 553 655 570 simo
664 556 680 569 et
691 554 787 575 impassibili
798 554 835 571 Deo.

634 578 651 594 ln
661 579 754 599 oppositum
764 581 788 595 est
798 579 889 595 communis
899 580 977 596 doctrina.

634 628 656 644 De
663 628 693 644 hac
701 629 788 649 quastione
797 629 882 649 opiniones
891 632 928 645 sunt
935 629 990 649 varias,

614 657 650 673 qum
661 653 720 673 partim
732 654 849 669 concordantur
860 658 889 674 per
901 654 992 674 responsio-

615 682 651 693 nem
659 677 723 694 Thomae
730 678 760 694 hoc
768 678 803 694 loeo
810 678 878 694 dicentis
886 683 889 694 τ
896 678 991 698 Subiectum

614 702 685 718 scientim
695 702 743 718 hahet
752 702 771 718 ad
780 703 834 718 minus
844 705 875 718 tres
885 703 992 723 comparatio-

614 732 645 743 nes
651 727 703 743 Prima
710 729 738 746 est,
743 727 785 748 qued
793 732 899 748 quascumque
906 727 992 743 traduntur

211 752 297 773 pertinent,
305 752 366 771 albuin,
374 752 443 773 nigrum,
452 752 512 773 aliique
519 752 585 768 colores.
596 753 607 769 C
614 751 630 767 in
641 752 711 771 scientia,
719 752 820 768 continentur
829 752 858 768 sub
868 752 941 773 subjecte
946 752 991 768 Hanc

318 831 437 850 QUAESTIO
454 831 481 847 1v

246 900 294 916 Uarto
301 900 383 921 quaeritur,
392 900 424 917 An
433 900 486 917 Deus
494 900 523 917 s1t
531 900 586 917 theo-

212 900 245 965 Q
251 925 309 945 1⁰31ae
318 925 438 945 subjeetum.

244 950 296 966 idetur
305 950 347 970 quod
358 954 395 965 non.
403 949 461 968 Primo,
470 949 508 970 quia
518 949 586 970 subjecti

210 977 234 990 est
241 974 300 995 subjici
306 979 310 990 z
317 975 359 995 qued
367 974 398 990 Deo
406 979 437 990 non
446 974 527 995 competit,
536 979 586 994 quum

210 999 231 1015 sit
242 1004 291 1020 purus
301 1001 354 1019 aetus;
362 1001 409 1019 atque
419 1001 437 1014 ut
447 999 469 1014 ait
478 998 547 1017 Boetius,
556 998 587 1014 lor-

210 1029 236 1040 ma
250 1024 319 1044 simplex
331 1028 362 1039 non
376 1025 428 1044 potest
440 1028 475 1039 esse
489 1023 586 1043 subjectum.

614 777 721 793 conditionem
733 777 802 797 subjecti
813 777 878 798 quidam
890 777 992 793 consideran-

614 803 641 820 tes,
650 804 738 822 posuerunt
748 806 772 817 res
780 804 796 817 et
803 802 848 822 signa
855 806 890 818 esse
898 802 991 822 subjectum

614 826 662 847 hujus
674 826 753 847 scientim
762 826 827 847 quidam
837 831 875 842 vero
886 828 937 843 toturn
948 826 992 842 Chri—

613 853 661 870 stum,
668 853 686 866 ut
693 853 753 867 tactum
761 853 790 870 est,
795 856 824 867 seu
831 851 910 872 Sponsum
918 853 934 867 et
941 851 992 872 Spon-

613 880 653 894 sam,
665 877 682 891 ut
694 875 795 891 Cassiodorus
807 880 811 891 t
822 875 898 896 quoniam
911 876 991 896 quidquid

614 900 630 915 in
639 900 669 916 ista
678 900 745 916 scientia
755 900 828 919 traditur,
837 901 856 916 ad
866 900 895 916 ista
905 900 959 916 reduci
967 900 992 916 vi-

614 925 665 940 detur.
678 924 751 940 Secunda
765 925 863 945 comparatio
876 929 905 941 seu
919 925 991 941 conditio

614 949 682 969 subjecti
690 951 720 968 est,
728 949 771 970 quod
779 949 814 969 ejus
822 949 891 970 cognitio
899 950 916 965 in
923 949 991 966 scientia

615 974 726 995 principaliter
738 974 826 990 intenditur
835 979 838 990 z
847 976 863 990 et
873 974 912 995 quia
923 974 991 990 scicntia

614 999 648 1014 haec
659 998 771 1019 principaliter
782 999 834 1014 tendit
844 999 863 1014 ad
875 998 903 1014 Dei
914 999 992 1019 cognitio-

614 1027 657 1042 nem,
666 1025 753 1043 posuerunt
762 1023 813 1043 aliqui
823 1023 872 1039 Deum
882 1023 953 1039 seientia
961 1023 991 1039 hu-

210 1048 314 1067 —Secundn¹
328 1048 366 1069 quia
378 1048 469 1068 subjectum
481 1050 506 1063 est
520 1047 639 1068 materianjus
651 1047 748 1068 subjectum.
759 1047 811 1063 Tertia
823 1047 893 1063 conditio
905 1050 934 1067 est,
947 1048 991 1069 quod

210 1073 252 1089 eirca
260 1077 318 1093 quam3
326 1073 367 1088 Deus
376 1074 430 1088 autern
441 1077 471 1088 non
480 1074 504 1088 est
514 1072 585 1088 materia.

210 1107 229 1109 —
237 1097 295 1116 Tertio,
303 1097 341 1118 quia
348 1097 427 1118 theologia
437 1101 466 1117 pm
474 1097 530 1117 majori
542 1099 587 1117 parte

210 1124 234 1138 est
245 1122 264 1138 de
277 1122 324 1138 rebus
336 1121 399 1138 creetis*
408 1131 429 1133 —
438 1121 501 1140 Quarto,
513 1122 551 1142 quie
563 1126 587 1137 se-

210 1147 281 1163 cundum
295 1146 407 1167 Augustinum,
420 1148 453 1162 tota
467 1146 550 1167 Scriptura
563 1148 587 1162 est

210 1172 230 1188 de
238 1171 285 1187 rebus
294 1173 311 1187 et
318 1171 377 1192 signis3
386 1175 423 1192 ergo
434 1175 458 1187 res
468 1173 484 1187 et
493 1171 539 1191 signa
549 1173 587 1187 sunt

210 1196 293 1217 theologia
305 1196 402 1216 subjectum.
411 1205 432 1207 —
442 1195 505 1214 Quinto,
518 1195 557 1216 quia
570 1198 587 1211 ut

209 1221 232 1237 ait
242 1221 292 1241 Euge,
302 1225 351 1241 opera
362 1220 481 1236 restaurationis
493 1222 531 1236 sunt
543 1220 587 1236 theo-

210 1246 255 1267 logiae
267 1245 339 1261 materia.
352 1245 378 1261 Ait
392 1249 462 1265 namque
475 1245 516 1261 libro
528 1245 548 1261 de
560 1245 587 1261 Sa-

209 1270 296 1287 cramentis
306 1275 310 1286 :
320 1270 372 1291 Opera
384 1270 440 1290 prim
450 1270 546 1286 conditionis
558 1275 586 1285 seu

209 1295 300 1314 creationis,
312 1297 349 1311 sunt
360 1295 428 1310 aliarum
441 1294 544 1310 scientiarum
556 1299 587 1310 ma·

210 1320 263 1341 terim
271 1324 320 1340 opera
327 1324 365 1336 vero
373 1319 499 1338 restaurationis,
508 1321 546 1335 sunt
553 1324 586 1335 ma-

615 1077 644 1093 por
654 1072 745 1092 subjectum
755 1077 802 1088 suum
810 1072 914 1092 distinguitur
924 1072 991 1088 scientia

614 1102 623 1113 a
633 1097 704 1113 scientiis
716 1097 778 1113 ceteris.
787 1097 838 1117 Atque
849 1101 868 1112 ex
879 1097 908 1113 hac
919 1097 992 1113 conside-

615 1121 675 1137 ratione
690 1122 765 1137 dixerunt
778 1121 849 1142 quidam,
865 1121 942 1137 credibile
956 1126 991 1137 esse

614 1146 685 1162 scientie
696 1146 744 1166 hujus
754 1146 845 1166 subjectum
854 1146 895 1166 (hoc
906 1146 949 1162 onim
960 1147 992 1162 sci-

614 1171 657 1187 entia
671 1175 700 1191 per
712 1171 742 1187 hoc
757 1171 777 1187 ab
789 1171 825 1187 aliis
840 1170 900 1190 differt,
913 1171 956 1192 quod
971 1176 991 1187 ex

614 1195 719 1216 inspiratione
733 1196 807 1214 hahetur,
820 1198 836 1212 et
848 1196 936 1212 seeundum
951 1196 991 1212 fidei

614 1220 736 1241 inspirationem
751 1220 839 1241 procedit);
854 1220 888 1239 alii,
903 1225 953 1241 opera
968 1226 992 1237 n>-

614 1245 722 1264 staurationis,
731 1245 805 1266 quoniam
817 1247 849 1261 tota
855 1245 922 1261 scientia
932 1246 962 1262 ista
971 1246 991 1261 ud

614 1270 744 1290 consequendum
753 1270 873 1286 restaurationis
883 1269 960 1286 effectum
968 1275 992 1286 oi»

615 1294 684 1310 dinatur.
695 1294 749 1313 Porro,
760 1295 773 1310 si
784 1295 858 1311 volumus
870 1295 942 1311 iuvenire
952 1295 992 1311 sub-

614 1319 675 1340 jectum
687 1319 730 1340 quod
743 1319 777 1335 haec
789 1319 844 1335 omnia
858 1320 990 1340 comprehendat,
