1088 1569
310 134 365 148 omns
376 134 399 146 sn
409 134 493 146 nisum-*rto
504 135 548 146 Ικτιζη
559 135 644 147 ammeta
654 135 707 147 utVtNA

868 130 898 147 ¹0³

118 176 179 196 aliquis
193 176 234 192 alius
247 178 262 192 et
274 177 315 192 alius
330 177 386 193 modus
399 177 497 197 producendi
504 177 517 192 A
525 177 567 193 inter
575 177 681 197 perfectiones
690 178 781 193 essentiales
792 182 822 193 non
832 179 856 193 est
864 179 898 193 tnn-

118 201 215 217 naturaliter
228 203 244 217 et
259 201 314 219 libere,
327 203 392 222 propter
406 201 496 220 relationes,

118 225 148 241 sed
160 228 222 241 tantum
235 226 248 241 si
260 226 352 242 absolutum
363 231 395 246 quo
407 226 497 247 producens

119 250 200 270 producit,
212 250 232 266 sit
244 250 310 266 alterius
322 251 395 267 rationis.
404 260 423 262 —
433 250 497 267 Μῶν-ει·-

118 279 145 293 ea,
154 275 194 291 Deus
204 275 224 291 ab
231 278 290 291 :eterno
301 275 376 296 intelligit
386 280 403 291 se
412 277 428 291 et
436 276 470 291 vult
480 280 497 291 se

119 300 151 315 sub
161 300 192 315 alie
199 302 214 316 et
224 300 255 316 alia
266 300 326 316 ratione
335 305 338 316 :
347 301 386 321 quia
395 300 425 316 suh
436 300 497 316 ratione

118 324 155 340 veri
165 325 239 345 intelligit
248 329 271 343 ee,
279 327 295 340 et
302 325 332 340 suli
343 325 404 341 ratione
415 325 452 341 boni
463 325 496 340 vult

119 353 143 364 se.
157 348 197 369 Ergo
211 351 235 364 ost
250 349 272 365 ibi
287 349 369 365 distinctio
381 349 415 365 veri
428 351 444 365 et
458 349 496 365 honi

119 373 152 389 aul)
164 374 224 390 ratione
239 373 331 390 formalium
346 374 467 390 distinctionum
480 373 496 389 in

119 398 194 418 objectis,
200 401 236 414 ante
244 403 308 414 omnem
316 401 368 414 actum
377 398 419 414 circa
427 398 464 414 talia
472 398 498 414 ob-

119 422 168 443 jectu.
176 432 196 434 —
203 423 270 444 Insuper
279 424 345 439 ostendo
355 423 397 443 qnod
408 423 497 439 formaliter

119 447 180 463 veritas
191 450 207 463 et
220 447 287 466 bonitas,
300 450 316 463 et
327 447 403 468 quaelibet
419 447 497 468 perfectio

525 203 558 217 turn
571 201 663 217 differentia
674 202 744 221 rationis,
755 202 785 218 hoc
795 204 818 218 est
828 202 898 218 diverso-

525 231 560 242 rum
568 227 651 242 modorum
659 227 760 247 concipiendi
769 227 810 242 idem
817 227 897 247 objectum

523 251 596 267 formale,
605 251 647 267 Talis
654 251 697 267 enim
705 251 787 267 distinctio
794 254 818 267 est
825 251 867 267 inter
874 256 898 267 sa-

524 276 569 296 piens
578 278 594 291 et
601 276 702 296 sapientiam,
711 278 727 292 et
734 276 790 297 utique
798 276 849 296 major
856 276 899 292 iuter

523 300 618 321 sapientiam
630 302 646 316 et
656 301 745 316 veritatem.
754 300 785 316 Nec
796 303 820 316 est
832 300 854 316 ibi
865 303 899 316 tan-

524 327 557 340 turn
570 325 652 340 distinctio
664 324 763 345 objectorum
778 325 869 341 formalium
883 325 899 340 in

524 349 611 367 intellectu,
620 349 657 370 quia
668 351 685 364 ut
696 351 769 370 argutum
780 351 804 365 eet
813 350 864 370 prius,
872 349 900 365 illa

524 378 606 394 nunquam
618 376 642 389 est
653 374 669 389 in
679 374 769 394 cognitione
780 374 860 393 intuitiva,
869 374 899 389 nisi

523 398 544 414 sit
555 398 571 413 in
582 398 646 418 objecto
658 398 732 414 intuitive
745 398 812 419 cognitor
824 398 851 414 Est
862 403 900 419 ergo

524 423 571 438 tertia
584 423 670 441 distinctio,
684 423 782 439 intellectum
794 423 838 439 omni
853 423 900 439 modo

525 447 615 468 praecedens
628 452 632 463 ;
646 449 661 463 et
676 449 700 463 est
716 448 751 466 ista,
766 447 808 468 quod
822 447 900 468 sapientia

119 471 221 492 simpliciter.
231 474 268 488 sunt
278 472 294 488 in
306 472 337 488 Deo
347 474 385 488 ante
395 476 459 488 omnem
471 476 496 487 ac-
505 472 517 488 Β
524 474 548 487 est
558 472 575 487 in
586 477 603 487 re
613 476 632 487 ex
643 474 699 487 natura
710 472 738 490 rei,
748 474 764 487 et
774 472 836 488 bonitas
849 474 873 487 est
884 472 899 487 in

119 498 156 512 tum
169 496 263 512 intellectus.
274 496 351 515 Qualibet
363 496 406 512 enim
420 496 497 517 perfectio

119 521 222 542 simpliciter,
229 523 253 537 est
260 521 349 537 formaliter
357 521 372 537 in
381 523 418 537 ente
426 520 497 542 perfecto

120 550 141 561 ex
152 547 208 561 nature
216 546 239 561 rei
248 550 252 561 z
261 546 299 566 qnia
309 546 356 561 aliter
367 550 398 561 nou
409 547 451 561 esset
460 545 498 561 sirn-

121 570 186 591 pliciter
198 570 293 591 perfectum,
306 575 335 586 nec
347 572 389 586 essct
401 575 433 591 quo
445 570 497 590 majus

120 595 187 615 cogit-nri
197 599 229 611 non
239 597 302 616 poaset:
312 595 358 611 aliter
367 595 415 610 etiam
425 595 498 615 perfecti*

120 624 160 635 ones
171 624 207 640 quus
218 624 246 640 per
259 620 398 640 participationem
409 619 498 635 formaliter

121 646 160 660 sunt
168 644 184 660 in
192 644 275 663 creaturis,
284 649 315 660 uon
322 646 376 660 essent
384 644 472 660 formaliter
482 644 497 659 in

121 668 154 684 Deo
164 673 173 684 a
182 673 215 689 quo
226 669 347 689 participantur.
355 678 375 680 —
383 669 451 684 Ulterius
463 673 499 689 pro-

122 693 143 709 bo
154 693 196 713 quod
208 693 246 709 tales
259 693 365 714 perfectiones
377 698 397 709 ex
408 695 465 709 natura
476 693 498 709 rei

121 720 159 733 ante
170 722 211 738 opus
223 717 313 734 intellectus
325 722 357 733 uon
369 717 429 733 habent
442 718 499 733 identi-

121 744 171 758 tatem
180 742 269 761 formalem,
277 743 353 762 quoniam
363 742 454 758 intellectus
462 744 498 758 actu

525 501 541 512 re
553 501 572 512 ex
586 499 641 512 natura
654 496 683 512 rei.
695 496 777 517 Sapientia
789 499 842 512 autern
856 497 872 512 in
883 501 900 512 re

525 521 613 537 formaliter
625 526 657 537 non
671 523 695 537 est
708 521 770 537 bonitas
785 521 800 537 in
816 526 832 537 re
846 526 849 537 :
863 521 900 542 quia

524 546 537 561 si
548 546 612 562 infinita
621 546 700 566 sapientia
707 548 748 561 esset
758 546 846 562 formaliter
856 546 901 562 boni-

525 572 548 586 tas
559 570 629 589 infinita,
637 572 731 591 sequeretur
741 570 783 591 quod
795 572 810 586 et
821 570 901 591 sepientis

525 595 541 611 in
554 595 636 611 oommuni
651 597 692 610 esset
706 595 794 611 formaliter
807 595 869 611 bonitas
884 595 900 610 in

525 619 612 635 communi.
621 619 694 635 infinitas
701 620 744 635 enim
755 624 786 635 non
794 619 862 635 destruit
870 619 901 635 for-

526 644 589 659 maliter
600 643 676 659 rationem
689 644 732 659 illius
743 644 769 659 cui
778 644 842 659 additur
851 648 854 660 :
863 648 901 664 quo-

526 669 569 684 niam
580 668 595 684 in
604 673 706 689 quocumque
714 668 763 689 gradu
774 668 872 689 intelligatur
880 673 902 684 es—

525 698 542 709 se
554 693 631 714 perfectio
641 693 701 713 aliqua,
710 693 737 713 qui
748 695 801 708 temen
812 693 871 713 gradus
881 693 902 709 sit

525 718 584 738 gradus
591 717 634 733 illius
643 717 752 738 perfeetionis,
761 722 792 733 non
801 717 862 734 tollitur
871 717 902 733 for<

525 742 571 758 malis
579 742 618 758 ratio
627 742 669 758 illius
677 742 780 763 perfectionis
787 744 852 763 propter
860 742 902 758 liunc

121 771 153 782 auo
166 771 198 783 non
214 769 265 788 potest
279 771 344 783 causare
360 767 390 783 nisi
406 767 498 782 mintionem
507 766 518 782 C
525 767 599 787 gradum.
609 766 628 782 Et
639 766 660 782 ita
670 767 683 782 si
694 771 726 783 non
736 767 804 782 includit
813 767 902 783 formaliter

122 792 195 810 rationia,
207 797 227 807 ex
242 792 271 807 hoc
283 792 345 808 scilicet
357 792 399 812 quod
412 794 436 807 est
447 791 498 807 virtus

121 816 203 835 collativa,
209 819 265 837 potens
273 816 302 832 hoc
311 818 328 832 ut
336 816 417 837 cognitum
425 816 498 832 conferre

121 841 143 856 ad
153 841 202 856 aliud.
210 841 266 859 Quam
276 846 319 861 ergo,
328 843 381 856 utrum
392 841 451 856 veritas
461 845 499 861 prae-

121 866 156 881 eise
166 865 209 881 dicat
219 865 263 881 illam
275 865 389 886 perfectionem
401 870 436 885 qum
447 867 471 881 est
482 865 499 881 iu

123 895 140 906 re
153 890 246 908 formaliter,
259 892 287 905 aut
301 890 367 910 pnecise
380 890 424 905 illam
437 890 499 905 relatio-

122 919 161 930 nem
171 914 229 930 factam
239 914 260 930 ab
270 914 357 932 intellectu,
367 916 396 930 aut
406 916 498 935 utrumque.

122 939 139 955 Si
153 939 218 960 prm-,iae
230 939 323 955 relationem
337 939 407 957 rationis,
419 943 457 959 ergo
468 943 498 955 non

122 966 148 980 eat
161 963 239 985 perfectio
253 963 354 984 simpliciter.
367 963 383 979 Si
398 965 484 984 utrumque
495 968 498 979 :

122 993 174 1009 quum
187 988 215 1004 illa
226 993 257 1004 non
270 988 302 1004 sint
313 993 363 1004 unum
376 988 407 1003 niai
420 992 449 1008 per
459 988 500 1004 aeci-

122 1014 168 1032 dens,
177 1013 216 1033 quia
226 1013 281 1028 relatio
292 1013 357 1028 rationis
367 1017 404 1028 cum
414 1014 451 1028 ente
461 1012 499 1028 reali

123 1042 208 1058 uunquam
216 1037 254 1053 facit
261 1042 311 1053 unurn
320 1042 348 1057 per
355 1041 372 1053 ee
379 1041 444 1058 :separa
452 1037 501 1057 igitur

527 792 542 807 in
551 791 638 810 communi,
645 796 682 812 ergo
690 796 720 807 nec
728 793 745 807 ut
752 791 840 807 infinitum.
849 792 901 810 Quod·
911 796 975 809 *omnm

527 817 590 832 declaro
603 821 606 832 :
620 816 658 837 quia
672 816 754 832 includere
768 816 862 835 formaliter,
877 812 956 839 estffl

528 841 608 857 includere
618 840 679 861 aliquid
690 841 706 856 in
717 846 746 856 sua
756 841 816 857 ratione
826 841 902 857 essentia-
908 845 942 857 im„

527 866 544 884 li,
553 866 575 881 ita
583 865 625 886 quod
636 865 697 881 sufficit
704 865 795 881 definitioni
806 865 902 881 includentis

527 890 607 910 assignare
617 890 703 906 inclusum.
711 890 756 906 Sicut
765 892 818 906 autem
828 890 902 906 definitio

527 915 602 931 bonitatis
612 915 628 930 in
636 914 717 930 communi
728 919 759 930 non
771 915 818 930 habet
828 915 844 930 in
854 919 872 930 se
879 919 902 930 aa·

528 939 611 960 pientiam,
619 939 641 955 ita
649 944 678 955 nee
688 939 752 955 infinita
762 939 840 960 sapientia
849 939 902 955 infini-

528 966 559 980 tam
569 964 662 980 bonitatem*
671 963 698 979 Est
705 968 742 984 ergo
752 964 806 984 aliqua
816 968 847 980 non
858 964 902 979 ideu-

528 989 565 1004 titas
580 988 652 1004 formalis
666 988 749 1009 sapientias
763 990 779 1004 et
792 988 873 1007 honitatis,
885 989 901 1004 in

528 1015 606 1033 quantum
614 1015 667 1029 essent
673 1018 727 1029 earum
736 1013 838 1029 definitiones
846 1013 902 1029 distin-

528 1040 563 1056 cta),
571 1037 584 1053 si
595 1039 648 1053 essent
657 1037 753 1053 definibilesl
762 1037 837 1054 Definitio
848 1039 901 1053 autem

123 1063 154 1078 ista
163 1063 196 1078 duo
206 1067 242 1083 quas
251 1064 348 1078 concurrunt
359 1062 375 1077 in
385 1062 416 1078 isto
425 1064 461 1077 ente
472 1067 501 1082 per
508 1064 520 1079 D
529 1067 561 1078 non
569 1064 630 1078 tantum
639 1062 699 1078 indicat
706 1062 783 1078 rationein
794 1064 874 1078 cetimum
882 1062 902 1078 ab

124 1087 205 1106 accidens,
218 1089 234 1102 et
247 1087 320 1107 sequitur
333 1088 371 1102 tunc
386 1087 428 1107 quod
441 1087 500 1102 veritas

123 1116 188 1132 semper
200 1112 242 1127 dicet
255 1111 320 1132 prumiae
332 1111 376 1126 illem
384 1111 499 1131 perfectionem

124 1137 141 1152 in
149 1136 186 1155 Deo,
193 1138 209 1152 et
216 1136 279 1152 bonitas
289 1135 373 1151 similiter:
382 1138 398 1151 et
406 1138 444 1151 tunc
452 1136 499 1154 ultra,

124 1166 175 1181 quum
183 1160 228 1176 nulla
234 1161 256 1176 sit
262 1160 344 1176 distinctio
351 1160 367 1176 in
376 1165 398 1179 re,
404 1160 438 1176 sive
446 1165 500 1176 secun-

124 1186 163 1201 dum
170 1185 263 1206 opinionem
273 1185 360 1205 prefatam,
368 1185 402 1201 sive
410 1185 498 1200 secundum

125 1211 159 1231 ejus
175 1210 296 1231 expositionem,
311 1212 373 1230 oportet
388 1210 430 1230 quod
445 1210 498 1225 dicant

126 1235 197 1251 eamdem
209 1234 330 1255 perfectionem,
341 1236 358 1250 ut
368 1234 445 1255 perfectio
455 1234 472 1249 in
483 1239 500 1250 re

128 1260 194 1275 estsine
204 1259 248 1275 omni
259 1259 361 1275 distinctione
371 1259 393 1274 rei
404 1261 420 1274 et
428 1259 499 1274 rationis

128 1284 184 1305 Siequo
198 1284 271 1304 nequitur
283 1284 325 1304 quod
337 1284 395 1299 veritas
410 1285 426 1299 et
438 1283 500 1299 bonitas

129 1309 159 1325 sint
168 1313 257 1330 synonyma
267 1313 271 1324 ι
282 1308 323 1329 quod
335 1308 366 1329 ipsi
377 1310 440 1328 negant.

148 1334 206 1350 ldcinw
216 1334 235 1349 ad
243 1333 346 1354 quantionem
357 1333 450 1353 respondeo,
459 1334 500 1354 quod

529 1087 617 1105 intellectu,
628 1087 655 1102 sed
665 1087 770 1107 quidditatern
782 1087 810 1106 rei,
821 1089 851 1103 etei
862 1087 902 1107 Ergo

528 1116 560 1127 non
568 1113 592 1127 est
599 1111 673 1127 identitas
681 1111 752 1127 sonneiis
762 1116 781 1127 ex
792 1113 836 1132 parte
846 1111 874 1127 rei*
883 1111 903 1127 Et

528 1136 599 1156 intelligo
606 1136 635 1154 sic,
642 1136 684 1156 quod
692 1136 783 1152 intellectus
791 1136 837 1152 ialam
846 1140 903 1157 propo-

527 1161 601 1176 sitionem
610 1165 710 1181 componens,
714 1160 795 1181 Sapientia
803 1165 834 1177 non
842 1163 866 1176 est
873 1160 903 1177 for·

528 1185 591 1201 maliter
598 1185 666 1203 bonitasv
675 1190 706 1201 non
714 1187 768 1201 causat
776 1187 811 1201 actu
820 1190 849 1201 suo
856 1185 903 1201 colla-

527 1210 560 1226 tivo
567 1210 649 1225 veritatem
658 1210 704 1226 istius
712 1210 838 1230 compositionis,
846 1210 873 1225 sed
884 1210 900 1226 in

527 1235 590 1255 objecto
600 1234 661 1250 invenit
669 1236 740 1250 extrema
750 1239 770 1250 ex
779 1239 847 1255 quorum
858 1238 901 1250 corn-

528 1259 606 1279 positione
614 1258 633 1274 fit
641 1261 685 1274 actus
692 1263 720 1274 seu
728 1261 815 1279 conceptus
823 1263 875 1274 verus.
883 1258 902 1274 Et

529 1284 568 1299 illud
580 1285 691 1304 argumentum
701 1283 720 1299 de
730 1287 761 1299 uon
772 1282 835 1299 formali
845 1283 902 1299 identi-

529 1311 561 1324 tate
573 1308 648 1324 dixerunt
660 1308 722 1328 antiqui
735 1308 812 1326 doctores,
826 1310 902 1328 ponentes

528 1333 545 1349 in
556 1333 614 1349 divinia
625 1333 696 1353 aliquam
707 1332 835 1353 pradicationem
846 1337 901 1348 veram
