1088 1569
213 130 242 146 tuo

383 134 399 146 υ(
409 134 465 146 Lutum
476 134 481 146 Ι
491 134 612 146 ammianum,
623 138 644 141 —
654 134 693 145 mn.
704 134 726 150 113
737 133 794 147 nunr-
806 134 817 145 ΙΙ

211 177 324 193 attributorum
332 177 364 192 sint
372 176 388 192 in
396 176 433 195 Dee,
441 176 466 192 vel
474 181 516 196 non;
524 178 585 196 quarto,
593 176 606 191 Α
614 181 631 191 ie
638 176 705 192 dicatur.
713 176 803 196 Aliquando
810 178 864 192 autem
873 176 903 192 hoe
910 176 952 196 quod
961 180 990 192 no—

211 206 231 217 an
241 202 323 222 pluralitas
332 201 398 217 istarum
409 201 488 217 rationum
496 201 516 216 sit
524 203 586 216 tantum

211 231 230 242 ex
241 229 285 247 parte
293 226 383 242 intellectus
394 226 449 245 nostri,
458 226 483 242 vel
492 226 547 246 aliquo
555 230 587 241 mo-

211 251 232 267 do
242 256 262 267 ex
273 253 318 272 parte
330 251 358 267 rei.

231 276 310 294 Quantum
325 276 344 291 ad
360 275 436 296 primum,
449 275 531 291 sciendum
545 275 586 295 quod

212 301 255 316 ratio
268 302 314 321 prout
326 300 352 316 hic
367 300 441 319 sumitur,
454 300 494 315 nihil
507 300 551 315 aliud
563 302 587 315 est

212 329 260 346 quam
270 325 286 340 id
296 325 338 345 qnod
349 324 455 345 apprehendit
466 324 556 340 intellectus
566 324 586 340 de

211 349 329 370 significatione
337 349 406 365 nominis
413 354 416 365 τ
425 351 441 364 et
449 349 478 365 hoc
485 349 509 368 (in
518 349 542 364 hia
550 354 586 369 qum

211 374 271 390 habent
278 374 395 393 definitionem)
402 376 426 389 eet
434 374 468 394 ipsa
476 373 498 389 rei
506 373 585 392 definitio,

211 399 299 414 seeundum
310 398 352 419 quod
362 400 419 419 quarto
428 398 537 419 Metapliyeicae
547 398 586 414 dicit

211 423 316 443 Philosophus
329 427 333 438 z
347 423 391 438 ltatio
403 427 452 443 quam
466 422 547 443 significet
559 427 587 438 no-

212 452 254 466 men,
262 450 287 463 est
297 447 375 463 definitio.
384 447 458 465 Quadam
469 449 522 463 moen
533 447 587 463 dicun>

613 205 650 216 men
661 200 747 221 significat,
756 205 787 217 non
797 202 821 216 est
830 200 919 216 similitude
930 200 952 216 rei
963 205 990 216 ex-

613 225 684 241 sistentis
698 227 743 241 extra
757 225 833 244 animam,
848 225 875 241 sed
890 227 914 241 eet
928 225 989 246 aliquid

614 250 656 271 quud
664 250 764 271 wnsequitur
771 254 790 266 ex
797 250 843 266 modo
850 250 949 271 intelligendi
957 255 990 266 rem

614 280 650 295 quse
657 277 681 290 est
688 277 733 290 extra
742 275 817 291 animam*
826 274 845 290 Et
852 275 944 295 hujusmodi
952 277 991 291 sunt

615 299 711 315 intentiones
726 304 766 320 quas
781 299 863 315 adinvenit
878 299 969 315 intellectus
985 304 989 315 :

615 324 749 345 quemadmodum
760 324 869 344 significatum
880 324 928 344 hujus
939 325 991 340 nomi-

614 349 645 367 nis,
652 348 710 367 Genus,
717 353 749 364 non
758 350 783 364 est
789 348 878 365 similitudo
887 349 956 369 alicujus
967 349 990 364 rei

615 375 660 389 extra
667 373 736 389 animem
745 373 843 393 exsistenti53
849 373 876 389 sed
884 378 903 389 ex
911 373 941 389 lioc
947 374 990 394 qnod

616 398 705 413 intellectus
715 398 790 418 intelligit
797 398 856 413 animal
867 398 907 413 utin
916 398 991 418 pluribus

615 422 704 443 speciebus,
715 422 788 438 attribuit
799 422 814 438 ei
827 422 931 439 intentionem
943 427 991 443 gene-

615 447 641 463 ris.
651 447 670 462 Et
680 447 717 463 licet
727 447 818 468 proximum
828 447 950 463 fundamentum
961 447 991 463 Ιιιι-

212 474 238 488 tur
248 472 306 488 liebere
317 472 393 488 rationem
403 472 426 488 aio
436 472 501 491 dictam,
509 477 544 492 quae
555 477 586 488 non
596 472 683 492 Ejusmodi
695 471 787 487 intentionis
797 476 829 488 non
842 472 863 488 ait
874 472 889 487 in
901 477 923 491 re,
934 472 961 488 sed
974 472 990 488 in

212 496 317 515 definiuntur,
330 499 347 512 ιιι
361 496 482 517 generalissima
494 501 498 512 z
512 499 529 512 ut
541 496 586 512 verbi

211 522 267 542 gratia,
279 521 318 537 ratio
329 521 411 542 qualitatis
422 523 446 537 est
457 521 472 537 id
484 521 526 542 quod
538 521 587 542 signi-

212 546 270 562 ficatur
280 546 345 562 nomine
353 546 439 567 qualitatis.
448 546 488 561 Hine
496 550 527 562 non
538 546 587 561 refert

212 576 231 587 an
240 571 268 586 illa
275 576 311 591 quse
318 571 394 587 dicuntur
402 571 461 586 habere
469 571 553 589 rationem,
561 571 587 586 ha-

212 595 260 611 beant
269 595 380 611 definitionem
389 595 413 611 vel
424 599 461 611 non.
470 595 528 615 Sicque
537 597 586 615 petet,

211 620 254 640 quod
265 620 304 636 ratio
313 620 396 641 sapientia
405 624 441 640 qum
452 620 471 635 de
481 619 512 635 Deo
522 620 586 638 dicitur,

212 647 236 660 εει
248 645 263 660 id
277 645 320 665 quod
333 644 424 665 concipitur
435 644 455 660 de
469 644 587 665 significatione

212 670 282 685 nominis
294 669 347 689 hujus,
357 669 430 689 quumvis
443 669 497 685 divina
508 669 586 689 sapientia

211 693 276 709 definiri
284 698 316 709 non
325 694 378 714 possit.
384 693 416 709 Nec
424 695 476 709 tomen
485 693 514 709 hoc
522 698 586 712 nornen,

212 718 263 737 Ratio,
269 718 349 738 signifieat
357 718 408 738 ipsam
416 718 542 738 conceptionem,
549 718 587 738 quia

212 743 296 763 conceptio
310 743 345 763 ipsa
359 747 390 759 non
405 742 506 763 significatur
519 747 548 763 per
560 748 587 759 no-

615 496 702 514 intellectu,
713 498 765 512 tamen
779 498 857 512 remotum
868 496 991 512 fundamentum

614 523 638 537 est
649 521 665 536 in
676 525 692 537 re
700 521 739 541 ipsa.
748 521 784 537 Ideo
794 521 884 537 intellectus
895 521 992 538 intentiones

615 546 654 561 tales
670 546 758 564 inveniens,
776 550 807 562 non
823 547 847 561 est
863 546 917 562 falsus.
934 546 991 562 Simile

615 575 679 591 quoque
690 572 713 586 eet
725 570 744 586 de
757 570 792 586 aliis
803 570 878 586 omnibus
889 575 925 591 qua
935 575 992 587 conse-

615 597 687 616 quuntur
696 600 715 611 ex
726 596 773 612 modo
783 596 888 616 intelligendi,
897 598 914 612 ut
923 598 947 612 eat
957 601 992 612 ma—

615 621 736 636 thematicorum
749 620 840 636 abstractio.
851 620 941 641 Aliquando
952 626 991 637 vero

615 645 630 661 id
639 645 680 665 quod
689 645 789 665 significatur
797 650 826 666 per
833 650 897 664 nomen,
903 649 934 661 non
942 646 992 661 habet

615 669 736 685 fundamentum
750 670 766 685 in
779 674 801 688 re,
815 674 843 686 nee
858 670 948 690 proximum
963 675 991 686 ne-

614 699 646 715 que
658 696 742 713 remotum,
755 694 796 710 sicut
809 694 892 715 conceptio
904 695 989 711 cliimaerae.

614 719 650 735 Ideo
661 719 745 739 conceptio
755 719 790 739 ejus
801 721 825 734 est
835 719 880 734 falsa.

634 742 712 760 Quantum
720 742 739 758 ed
748 742 818 761 tertium,
824 742 885 758 scilieet
892 747 912 758 an
921 743 991 758 rationes

212 773 248 784 men
259 768 294 787 hoc,
305 767 391 788 Sapientia,
400 768 425 783 vel
437 772 466 788 per
475 768 518 783 aliud
528 772 586 784 nomen
596 767 607 783 C
614 767 727 783 attributorum
738 767 754 782 in
764 767 797 783 Deo
806 767 844 785 sint,
854 767 936 783 sciendum
947 767 990 788 quod

211 794 243 813 τοίς
251 793 278 809 sed
288 792 368 813 nignificat
376 792 481 808 intentionem
491 793 539 813 liujus
549 797 587 809 ‹zon-

211 817 295 838 ceptionis,
305 817 347 833 sieut
358 819 374 833 et
387 817 416 833 hoc
429 822 493 835 nomen.
504 817 585 836 Definitio,

211 844 227 858 et
237 842 268 857 alia
279 841 344 857 nomina
354 842 428 857 secundas
439 841 536 857 intentionis.

228 866 247 882 Et
254 871 274 882 ex
281 866 311 882 hoc
319 868 362 886 patet
369 866 462 884 secundum,
468 866 542 882 videlicet
550 871 587 887 qua-

211 891 248 907 liter
261 891 300 907 ratiu
312 891 374 906 dicatur
386 895 420 906 esee
433 891 449 906 in
462 895 484 906 re.
497 890 530 906 Non
543 891 586 907 enim

211 916 241 932 hoc
252 916 311 931 dicitur
322 915 366 936 quasi
380 915 415 936 ipsa
427 915 495 931 intentio
505 920 554 936 quam
566 915 587 931 si-

210 940 278 961 gnificet
293 945 350 956 nomen
366 940 438 958 rationis,
453 940 474 955 sit
490 940 505 955 in
522 944 543 958 re,
559 942 586 955 aut

211 965 259 981 etiam
273 965 309 985 ipsa
323 964 406 984 conceptio
420 964 446 980 eui
461 964 536 980 convenit
550 964 586 980 talis

211 989 284 1008 intentio,
295 993 344 1009 quum
356 989 377 1004 nit
387 989 403 1004 in
416 989 469 1004 anima
481 991 557 1009 tanquam
569 989 586 1004 in

210 1014 292 1034 subje0203
300 1014 327 1029 sed
338 1013 397 1029 dicitur
406 1018 440 1029 esse
451 1013 467 1029 in
479 1018 500 1032 re,
510 1013 525 1029 in
536 1018 586 1034 quan-

211 1041 245 1055 tum
256 1039 272 1054 in
283 1043 300 1054 re
309 1040 353 1054 extra
363 1038 432 1054 animam
442 1040 466 1054 est
475 1038 535 1059 aliquid
543 1038 586 1059 quod

614 792 657 808 circa
667 792 696 807 hoc
704 792 767 807 videtur
774 796 809 807 esse
818 792 877 812 duplex
887 792 947 812 opinio.
956 792 992 810 Qui-

614 817 650 832 dam
661 816 710 835 enim,
719 816 793 832 videlieet
804 816 853 832 Rabbi
863 816 923 837 Moyses
932 818 947 832 ει
956 817 992 832 Avi-

614 846 670 859 eenna,
679 840 762 856 affirmant
773 841 815 861 quod
826 841 867 857 Deua
876 843 900 857 est
910 841 990 862 quoddam

614 870 648 881 esse
658 865 751 884 subsistens,
760 870 790 881 nec
800 865 861 886 aliquid
872 865 915 881 aliud
926 866 956 881 nisi
967 871 991 882 es-

614 895 631 906 se
643 891 658 906 in
671 890 702 906 Deo
713 892 742 906 est.
751 890 794 906 Unde
804 890 860 906 dicunt
869 891 911 911 quod
922 892 946 906 eet
955 895 990 907 esee

614 915 648 931 sine
658 915 732 931 essentia.
740 914 796 931 Omnia
806 917 860 931 autem
871 915 902 931 alia
912 920 948 936 qun
959 915 990 932 Deo

613 939 728 958 attribuuntur,
736 939 842 955 verificantur
849 940 868 955 de
877 944 896 956 eo
903 940 990 960 dupliciter

614 964 702 980 secundum
714 969 746 983 eos,
759 964 834 980 videlicet
846 964 871 980 vel
884 969 913 985 per
924 965 990 980 modum

614 989 708 1009 negationis,
723 989 748 1005 vel
763 989 866 1005 eausalitatis.
881 988 911 1004 Per
924 989 989 1005 modum

614 1013 707 1034 negationis,
716 1013 807 1034 dupliciter⁴
816 1013 874 1032 Primo,
882 1013 901 1029 ad
910 1018 991 1029 removen-

614 1038 651 1054 dum
668 1038 773 1058 privationem
787 1038 813 1054 vel
828 1038 908 1054 defectum
924 1039 989 1059 opposi-

211 1063 323 1084 correspondet
335 1062 435 1083 conceptioni
450 1063 491 1078 sicut
506 1063 585 1083 signatum
594 1064 606 1080 D
614 1065 647 1078 tum
659 1067 663 1078 z
674 1063 715 1078 nicut
727 1062 776 1078 Deum
786 1063 854 1078 dicimus
866 1063 961 1083 sapientem,
973 1065 991 1079 ut

210 1088 261 1108 signo.
269 1088 313 1103 Unde
323 1087 412 1106 sciendum,
420 1087 462 1108 quod
472 1087 556 1108 conceptio
564 1088 586 1103 iu-

210 1112 283 1128 tellectus
293 1112 378 1133 tripliciter
387 1116 404 1127 ae
412 1112 459 1127 habet
468 1112 487 1127 ad
498 1116 531 1128 rem
541 1114 586 1128 extra

210 1137 286 1153 animam.
297 1137 386 1157 Aliqutndo
397 1136 440 1152 enim
453 1137 482 1152 hoc
493 1137 536 1157 quod
549 1141 586 1152 con>

211 1161 250 1182 cipit
263 1161 358 1180 intellectus,
371 1163 395 1177 est
407 1161 495 1177 similitudo
510 1161 532 1177 rei
545 1161 586 1177 exsi-

210 1187 266 1202 stentia
280 1188 325 1202 extra
339 1185 409 1201 animam
424 1190 428 1201 :
442 1186 483 1202 siout
498 1186 528 1202 hoc
542 1186 585 1206 quod

210 1211 301 1231 coneipitur
312 1211 332 1226 de
344 1210 374 1226 lioe
386 1210 456 1229 nomine,
468 1210 523 1226 Homo.
534 1210 552 1226 Et
564 1213 585 1226 ta-

211 1236 230 1251 lia
240 1235 324 1255 conceptio
334 1235 424 1250 intellectus
434 1235 482 1250 hahet
492 1235 586 1251 fundamen-

211 1262 245 1276 tum
254 1260 345 1275 immediate
353 1260 369 1275 in
377 1264 400 1278 re,
409 1259 425 1275 in
433 1261 510 1280 quantum
519 1264 543 1275 res
552 1259 586 1280 ipsa

210 1289 229 1300 ex
240 1289 269 1300 sua
279 1284 390 1300 conformitate
401 1284 420 1299 ad
433 1284 537 1303 intellectum,
548 1283 586 1300 facit

210 1309 252 1330 quod
263 1309 353 1325 intellectus
363 1309 384 1324 nit
391 1313 444 1327 verua,
452 1310 468 1324 et
475 1309 517 1329 quod
528 1313 585 1324 nomcn

210 1333 303 1354 significans
316 1333 361 1349 illum
374 1333 479 1352 intellectum,
490 1333 554 1354 proprie
566 1333 586 1349 de

615 1092 724 1103 removeamus
738 1087 759 1103 ab
772 1092 791 1103 eo
802 1087 883 1103 defectum
895 1087 923 1108 qni
936 1089 961 1103 est
973 1087 989 1103 in

614 1112 706 1127 carentibus
717 1112 801 1132 sapientia.
812 1112 890 1130 Secundo,
901 1112 989 1128 seeundum

614 1137 644 1152 hoc
655 1137 697 1157 quod
709 1136 769 1157 aliquid
780 1141 799 1152 ex
810 1136 893 1157 negatione
904 1137 989 1157 consequi-

614 1163 640 1177 tur
649 1166 653 1177 :
661 1161 703 1177 sieut
710 1163 733 1176 cst
741 1161 760 1177 de
768 1161 798 1177 hoc
808 1161 879 1180 nomine,
887 1161 930 1177 Unua
938 1166 942 1177 z
951 1161 990 1182 quia

613 1190 633 1201 ex
647 1186 677 1202 hoc
691 1186 726 1206 ipso
741 1186 783 1206 quod
800 1190 831 1201 non
846 1188 870 1201 eet
884 1186 951 1205 divisus,
965 1188 990 1202 eet

613 1215 660 1226 unus.
668 1210 745 1226 Similiter
752 1215 771 1226 ex
780 1214 798 1226 eo
806 1210 848 1230 quod
858 1212 883 1226 est
893 1210 990 1226 immateria—

613 1235 638 1254 lia,
651 1237 675 1250 est
687 1235 783 1255 intelligens.
797 1234 841 1250 Unde
855 1235 943 1251 seeundum
955 1239 988 1254 eoo,

613 1259 667 1275 omnia
675 1259 740 1275 nomina
750 1259 779 1275 ista
788 1259 840 1280 potius
850 1261 888 1275 sunt
896 1260 961 1275 inventa
969 1260 988 1275 ad

614 1284 733 1302 removendum,
741 1288 789 1304 quam
798 1284 817 1299 ad
828 1284 919 1304 ponendum
927 1284 988 1304 aliquid

613 1309 630 1324 in
640 1309 677 1325 Deo.
686 1309 730 1328 ltem,
739 1313 767 1329 per
774 1309 840 1324 modum
850 1309 953 1328 causalitatiu,
961 1309 989 1325 dn-

614 1333 682 1354 pliciter.
691 1333 748 1352 Primo,
757 1333 773 1349 in
784 1335 862 1353 quantum
874 1333 947 1354 producit
958 1333 988 1349 iata
