1088 1569
213 120 243 136 402

373 125 389 136 nt
399 125 454 136 ustum
465 125 469 136 Ι
481 124 601 136 ΞΒΝῙΒΝΤΙΑΙΙΧΙ.
613 128 633 131 -
643 124 681 135 msr.
693 124 730 137 vm:
741 124 798 138 QUAEST.
809 124 831 135 vu

212 167 232 182 ab
244 167 281 183 alio.
293 167 337 182 Unde
352 167 367 182 in
379 167 423 183 omni
436 167 519 183 individuo
531 166 607 182 dit'l'ertA
615 168 632 181 ut
644 166 696 185 bomo,
705 166 735 185 leo,
746 166 792 186 lupis.
801 165 821 181 Et
831 166 867 181 talis
880 166 903 182 sic
914 165 968 181 delicit
979 170 989 181 a

211 192 312 212 suppositum
320 194 335 207 et
343 194 399 207 natura
408 196 411 207 t
420 192 536 212 multiplicatur
544 191 586 207 enim

210 216 279 232 essentia
291 221 318 232 seu
331 219 388 232 natur-
400 217 416 232 in
429 217 521 237 suppositis.
534 216 586 232 Tertia

210 242 234 256 est
246 240 262 256 in
274 241 318 256 omni
331 243 385 257 creato
398 243 413 256 et
425 243 513 257 concreato.
526 240 586 261 Nempe

210 270 259 285 quum
268 270 315 281 omne
324 267 401 284 creatum,
410 266 443 281 sive
451 266 472 281 sit
481 265 585 286 principium,

209 290 243 305 sive
259 290 380 310 principi-tum,
393 290 458 306 aliunde
472 290 531 310 accipit
545 294 585 308 esse,

210 314 245 330 ideo
258 319 290 330 non
303 316 326 330 est
338 319 372 330 esse
384 319 431 330 suum
444 319 448 330 ;
460 314 501 330 sieut
513 314 540 330 lux
554 319 585 330 non

210 341 234 354 est
244 344 291 355 suurn
303 339 361 355 lucere.
373 339 388 355 Si
401 344 438 359 ergo
450 339 512 355 dicatur
524 339 586 359 simpli-

210 364 249 379 citas
263 368 291 384 per
303 364 409 384 privationem
424 363 550 384 compositionis,
563 363 586 379 sic

210 388 275 409 propria
286 390 310 404 est
321 388 348 404 Dei
358 388 408 405 solius
419 389 466 404 etiarn
479 388 539 404 ratione
549 388 586 404 sub-

210 413 277 431 stantia,
290 413 365 434 quoniam
379 415 414 434 post
426 413 475 429 Deum
491 413 535 429 nulla
549 413 586 429 sub-

210 438 268 453 stantia
275 440 299 453 est
306 443 342 458 quse
352 442 383 454 non
395 440 501 458 componatur
508 442 527 453 ex
536 438 586 458 possi-

613 191 640 207 Dei
651 191 758 212 simplicitate,
767 191 809 211 quod
821 191 876 206 incidit
887 191 902 206 in
911 190 991 211 composi-

614 216 673 232 tionem
683 220 686 231 :
695 215 733 236 quia
744 216 760 231 in
772 215 815 231 omni
827 217 906 234 ereatura,
914 217 947 230 tam
958 215 992 235 spi-

614 240 667 256 rituali
678 245 726 261 quam
737 239 822 260 corporali,
830 242 854 255 est
864 242 921 255 natura
930 242 947 255 et
956 244 991 255 esse

614 270 660 280 suum
673 265 704 280 sibi
716 269 725 280 a
737 264 768 280 Deo
780 264 927 284 communicatum;
935 264 992 285 sicque

614 289 715 310 componitur
725 294 744 305 ex
755 290 798 309 quod
808 292 832 304 est
842 291 859 305 et
868 294 899 309 qua
910 291 939 304 est.
947 289 992 307 Qua»-

613 315 650 330 dam
662 319 700 330 vero
714 316 787 330 ereatura
798 314 851 329 solum
864 314 911 329 habet
924 318 959 329 osse
974 314 991 329 in

614 339 651 358 alio,
660 341 677 354 ut
689 339 755 355 materia
766 339 824 359 primu,
832 341 848 354 et
858 339 915 357 forma,
924 343 943 354 ac
955 338 993 354 uni-

614 364 680 379 versale.
689 363 707 379 Et
715 363 751 379 talis
759 368 790 379 non
799 363 822 379 sic
832 363 887 379 deficit
895 368 904 379 a
912 363 993 384 simplici-

613 390 645 404 tate
653 389 707 404 divina
717 390 734 404 ut
742 388 763 404 sit
770 388 864 409 composita.
873 388 888 404 Si
897 388 941 404 enim
949 388 993 404 dica-

614 416 640 429 tur
649 413 736 434 composita
746 418 765 429 ex
776 415 833 429 natura
842 415 858 429 et
867 413 993 429 habitudinibus

614 438 672 458 quibus
683 438 751 454 retertur
760 438 780 453 ad
790 438 839 453 Deum
851 438 885 453 sive
895 438 914 453 ad
926 438 941 453 id
952 442 992 453 cum

210 462 238 477 bili
246 462 302 478 saltem
311 465 325 478 et
333 463 397 478 actuali.
406 462 421 478 Si
430 464 482 478 autem
490 462 585 483 simplicitas
595 463 606 478 B
613 467 645 483 quo
656 463 763 483 componitur,
774 462 852 483 quaritur
862 462 882 478 de
892 462 993 478 habitudini-

209 486 251 502 dicat
265 487 371 507 privationem
385 486 481 502 differentia!
496 487 585 502 essentialis

209 516 227 526 ac
235 511 351 531 dependentiae,
360 511 381 527 ita
389 511 431 532 quod
440 511 455 527 in
464 511 533 527 essentia
541 511 585 527 nulla

208 538 232 551 est
242 536 325 552 diversitas
333 541 362 551 nec
372 536 484 556 dependentia,
492 536 515 552 sic
525 536 586 556 simpli-

208 560 248 576 citas
258 562 282 576 est
294 561 358 581 propria
368 560 399 576 Deo
410 560 470 576 ratione
480 561 521 576 entis
532 565 535 576 :
547 565 586 581 quo-

209 585 252 600 niam
267 585 329 600 nullum
342 585 385 601 aliud
401 589 429 601 ons
441 587 465 601 est
478 585 494 601 in
506 590 539 605 quo
554 590 584 601 non

209 609 255 625 cadat
269 609 323 630 aliqua
335 610 419 625 diversitas
431 612 458 625 aut
472 610 584 630 dependentia.

209 634 331 650 eoncedendum
345 636 369 649 est
384 639 421 654 ergo
433 634 475 654 quod
490 634 585 654 simplicius

209 661 234 674 est
245 659 310 679 proprio
320 658 356 674 Deo*
366 658 445 674 Greaturae
455 661 508 674 autem
521 663 586 679 compo-

210 683 244 699 sitae
255 685 298 702 sunt,
310 688 340 699 nec
352 683 434 704 simplices
446 688 483 699 vere
494 688 498 699 t
509 683 585 704 queniam

210 707 270 723 habent
280 712 314 723 esse
326 708 393 724 mixtum
404 712 423 723 ox
435 710 471 724 actu
482 710 497 724 et
509 708 585 728 potentia,

210 732 286 753 quoniam
298 732 357 748 habent
367 737 400 748 esse
411 732 502 751 limitatum,
511 735 527 748 et
537 733 559 748 ita
569 732 585 748 in

613 487 643 503 bus
655 487 692 506 illis,
701 492 720 503 au
732 487 764 503 sint
775 491 800 503 res
810 487 836 503 vel
847 492 878 503 non
887 489 915 503 :et
926 487 938 502 si
950 491 993 505 non,

613 517 644 528 non
653 511 714 527 faciunt
722 512 863 532 compositione-113
870 512 884 527 si
892 511 920 530 sie,
927 516 958 527 uon
968 516 994 526 re-

613 536 687 552 feruntur
694 536 730 552 aliis
740 536 868 554 habitudinibus,
876 536 903 551 sed
911 541 928 551 se
936 536 976 556 ipsis
987 540 993 552 :

614 561 669 577 relatio
680 566 750 581 namque
761 565 792 577 non
804 561 874 576 refertur
884 561 916 576 alia
926 560 995 576 relatio-

613 590 638 601 ne.
647 586 705 606 Sicque
713 586 797 601 devenitur
804 585 824 601 ad
834 585 896 606 aliquid
904 585 946 605 quod
957 590 993 601 non

613 612 637 626 est
644 610 756 631 compositum.
764 610 817 626 Nihilo
826 610 880 625 minus
888 609 944 625 deficit
950 614 960 625 a
968 609 994 625 di-

613 635 650 650 vina
660 634 762 655 simplicitate
772 634 870 655 dupliciterx
882 634 907 650 vel
918 634 955 654 quia
966 636 994 650 nst

613 659 694 675 divisibile
701 659 717 675 in
726 659 796 680 potentia
804 659 829 675 vel
838 663 867 679 per
873 658 952 677 accidens,
961 659 995 674 aie—

614 686 631 699 ut
641 684 706 699 materia
717 688 745 704 per
755 684 860 704 quantitatem
871 685 887 699 et
898 683 949 699 forma
961 688 995 704 per·

614 708 744 729 receptaculum
757 708 782 724 vel
794 708 833 728 quia
845 710 869 724 est
881 708 994 728 componibile

614 733 665 748 alteri.
678 732 713 748 linc
724 732 797 748 Thomas.

209 761 267 777 genem
274 759 290 773 et
298 757 351 777 specie
358 757 477 775 collocatum,et
485 761 514 777 per
521 757 587 773 additio-
595 757 607 773 C
634 757 683 777 Cujus
691 757 748 777 positio
758 761 790 773 non
797 757 862 772 videtur
869 762 878 772 a
886 757 951 777 pmlata
961 756 994 772 Bo-

210 786 247 797 nem
255 783 360 800 mnu-netum,
369 781 406 802 quia
414 781 479 797 aliunde
486 781 547 800 datum,
556 782 586 797 sci-

211 806 248 822 licet
255 811 265 822 a
272 806 321 825 Dema
328 811 360 826 quo
368 806 447 822 deficiunt
455 806 470 821 in
479 806 585 827 simplicitate,

210 833 226 846 et
234 831 255 846 ita
265 831 324 846 cadunt
333 831 349 846 in
360 831 498 851 compositionem.
507 839 527 842 —
535 830 586 846 Potest

211 855 259 871 etiam
269 855 301 871 dici
313 857 328 871 et
338 855 408 873 brevius,
417 855 459 875 quod
469 855 537 876 simplex
548 856 586 871 dici-

211 882 238 895 tur
253 885 281 900 per
296 880 417 900 compositionis
432 880 543 900 privationem.
556 880 586 895 Sed

210 904 272 925 aliquid
285 904 344 920 dicitur
356 905 430 925 componi
443 904 529 925 dupliciter
540 909 543 920 t
555 905 587 925 pri-

211 934 243 948 mo,
251 929 289 949 quia
297 934 316 944 cx
323 929 405 949 aliquibus
413 930 466 949 ipsum
474 929 586 949 componitur;

211 954 286 972 secundo,
302 953 340 974 quia
354 954 456 974 componitur
471 953 503 969 alii.
519 953 534 969 Si
550 958 587 974 crgo

211 978 307 998 simplicitas
315 978 367 998 privet
376 978 508 998 compositionem
518 983 538 993 ex
545 978 586 997 aliia,

211 1003 234 1018 sic
242 1002 319 1023 competit
328 1002 424 1023 quibusdam
434 1003 497 1021 creatis,
506 1005 523 1018 ut
531 1002 588 1023 primis

212 1027 305 1048 principiis:
313 1027 326 1042 si
335 1029 387 1042 autem
396 1027 448 1047 privet
455 1027 587 1047 composilionem

614 784 705 798 naventurae
720 781 823 802 responsione
839 782 907 797 multum
923 781 992 801 distare,

614 807 690 827 quoniam
697 806 807 822 Bonaventura
816 806 866 822 utitur
874 806 939 822 nomine
945 811 993 822 oom-

614 831 661 852 positi
670 831 719 851 magis
729 833 793 846 extense
802 835 851 851 quam
859 830 932 849 Thomas,
941 831 963 846 ita
973 833 993 847 ut

614 855 653 871 illud
661 860 725 876 quoque
733 855 824 876 appelletur
831 855 991 876 compositum,quod

614 882 638 896 est
651 880 760 900 componibile
775 880 827 895 alteri*
841 880 861 895 At
875 884 913 896 vero
928 880 943 895 in
959 880 993 896 hoc

614 905 656 925 quod
666 909 730 920 omnem
739 906 828 920 creaturam
840 909 868 925 per
876 909 892 920 se
902 904 995 920 subsisten-

615 931 646 945 tem
656 929 727 945 affirmat
735 934 754 944 cx
762 929 875 945 essentialibus
885 929 994 950 compositam

615 953 693 974 partibus,
702 958 731 969 nec
739 953 803 969 Thomoe
811 958 840 969 nee
848 953 883 969 aliis
891 953 946 969 multis
953 958 996 970 con-

615 978 680 994 cordare
692 978 760 997 vidctur,
770 978 857 998 praesertim
870 978 883 993 si
897 983 925 999 per
937 980 996 998 partes

614 1003 707 1018 essentiales
715 1003 797 1018 materiam
805 1005 822 1018 et
830 1003 897 1019 formum
906 1003 994 1023 intelligat.

615 1027 630 1043 Si
643 1032 681 1043 veru
696 1032 724 1048 per
737 1029 790 1047 partea
804 1027 897 1043 essentiales
912 1027 995 1048 intelligat

212 1056 248 1067 cum
260 1051 296 1067 aliis
309 1054 324 1067 et
336 1056 355 1067 ex
367 1051 409 1070 aliis,
423 1052 444 1067 ita
456 1052 505 1067 solius
517 1054 541 1067 est
554 1052 586 1067 Dei.
595 1051 607 1067 D
615 1053 658 1072 quod
665 1054 688 1067 es!
696 1054 711 1067 et
718 1057 750 1071 quc
757 1054 786 1069 est,
794 1054 836 1067 stare
846 1054 904 1072 posset.
912 1052 928 1067 Si
936 1054 994 1068 tamen

212 1076 266 1092 Omnis
277 1080 346 1096 namque
357 1078 435 1095 creatura,
443 1078 470 1091 aut
483 1078 505 1091 est
518 1081 546 1092 ens
559 1081 588 1097 per

211 1105 229 1116 se
236 1103 252 1116 et
260 1100 275 1116 in
284 1105 306 1119 sey
314 1100 370 1121 sicque
380 1101 435 1121 aliquo
445 1101 492 1116 modo
500 1101 588 1121 composita

212 1127 236 1141 est
243 1130 262 1140 ex
269 1125 347 1144 aliis3aut
354 1127 378 1140 est
385 1129 413 1140 cns
421 1130 457 1141 curn
465 1125 496 1141 alio
503 1127 519 1141 et
528 1125 543 1140 in
551 1125 586 1144 alio,

212 1152 228 1165 et
242 1149 264 1165 ita
277 1151 301 1165 est
313 1149 401 1170 composita
415 1149 448 1165 alii.
462 1149 527 1168 Rursus,
540 1154 588 1166 omne

212 1176 289 1192 creatum,
297 1176 325 1190 aut
334 1176 358 1189 cst
368 1174 472 1195 principium,
481 1177 497 1190 et
507 1174 529 1190 ita
536 1177 560 1190 cst
567 1175 588 1191 al-

213 1199 242 1215 teri
249 1199 367 1219 componibile;
375 1201 403 1214 aut
413 1199 533 1219 principiatum,
542 1200 587 1215 etsie

212 1228 231 1239 ex
241 1223 278 1239 aliis
288 1225 312 1239 est
323 1224 435 1244 compositum.
447 1224 482 1239 Haec
494 1224 526 1239 illeu

232 1248 272 1264 Hinc
281 1248 349 1264 Thomas
358 1253 361 1264 τ
370 1248 425 1266 Omne,
434 1249 492 1269 inquit,
501 1249 543 1269 quod
552 1253 588 1269 pro-

212 1273 254 1289 cedit
261 1278 270 1288 a
278 1273 309 1288 Deo
317 1273 333 1288 in
344 1273 436 1289 diversitate
445 1273 523 1292 essentie,
532 1273 588 1289 delicit

212 1302 221 1313 a
233 1297 336 1318 simplicitate
348 1297 407 1313 divina.
420 1298 467 1313 Porro
480 1300 552 1313 creatura
564 1300 588 1313 ost

212 1322 278 1342 duplex*
286 1322 360 1340 Quoniam
371 1322 431 1338 habens
439 1327 473 1338 esse
483 1322 587 1343 completum,

616 1081 644 1097 per
651 1082 682 1096 quo
689 1079 719 1094 est,
727 1076 825 1097 intelligatur
832 1081 867 1092 esse
875 1077 942 1092 actualis
949 1077 995 1093 exsi-

615 1101 681 1119 stentia,
691 1101 720 1117 hoc
730 1105 761 1117 non
770 1101 833 1117 videtur
841 1104 883 1117 recte
893 1106 930 1122 pars
937 1106 996 1117 essen-

616 1125 657 1141 tialis
665 1125 724 1144 vocari,
731 1125 811 1146 proecipuo
819 1126 907 1141 secundum
915 1126 953 1142 istos
960 1126 994 1147 qui

615 1152 687 1166 asserunt
696 1150 735 1165 illud
742 1150 763 1165 ab
770 1150 839 1166 essentia
848 1150 911 1166 realiter
918 1155 953 1166 ease
960 1151 996 1167 dis-

615 1174 688 1191 tinctum.
697 1175 726 1191 Sed
736 1175 756 1190 de
766 1175 790 1190 his
800 1175 848 1196 paulo
858 1177 894 1196 post
903 1175 952 1196 magis
961 1178 996 1192 tr·-

615 1199 690 1215 ctabitur.
701 1208 720 1211 —
730 1199 811 1218 Praeterea,
824 1200 893 1220 qualiter
905 1200 921 1216 in
933 1201 995 1221 angelo

615 1226 630 1240 et
640 1224 694 1240 anima
703 1224 724 1239 sit
733 1224 828 1245 compositio
838 1225 910 1245 quasdam
920 1229 939 1240 ex
947 1227 996 1245 quod

615 1251 638 1264 est
648 1251 664 1264 et
674 1254 711 1269 quo,
719 1251 735 1264 et
748 1249 817 1269 qualiter
827 1249 859 1264 sint
871 1249 994 1269 imm-terium,

615 1275 679 1289 sanetus
688 1273 746 1289 Doctor
757 1273 813 1289 scribit
822 1273 891 1289 multum
903 1273 962 1289 diffuse
975 1274 994 1290 in

615 1297 680 1313 Summa
688 1300 744 1313 contra
750 1298 823 1318 gentiles,
831 1298 872 1314 libro
880 1298 955 1317 secundo,
962 1303 996 1319 per-

616 1322 678 1338 ‹liversa
689 1322 769 1343 capitula;
780 1322 796 1338 in
807 1324 874 1338 tractatu
885 1327 948 1343 qnoque
961 1327 994 1339 suo
