1088 1569
223 135 245 148 AB
255 135 271 148 ut
281 135 338 147 mvms
348 135 434 147 amanto
444 135 499 149 Αιιουο
509 135 551 147 nono
561 135 606 147 emon
616 136 640 147 sn
649 136 750 148 Paocsssslolm

96 178 157 194 multas
168 179 237 195 rationes
247 179 333 195 adducunt.
342 178 381 194 Nam
390 178 434 195 Pater
442 183 473 195 non
481 178 494 194 A
501 179 556 194 eadem
567 178 618 194 tribus
628 179 705 199 personis,
714 183 764 199 quum
775 179 796 194 sit
807 179 841 199 ipsa
852 179 875 194 di-

96 205 122 218 est
135 203 179 224 prior
191 203 236 222 Filio,
249 204 322 224 quamvis
334 203 355 219 sit
367 204 402 224 ejus
415 204 474 224 princi-

98 228 144 248 pium
156 230 171 243 et
180 228 231 248 origo.
239 228 290 244 Minus
300 233 337 248 ergo
347 228 428 248 generatio
438 228 473 244 Filii

98 252 144 273 prior
155 255 179 268 est
189 253 290 269 emanatione
300 253 369 273 Spiritus
381 253 440 272 Sancti,
449 257 474 274 po-

97 277 161 293 tissime
168 282 218 298 quum
227 278 243 293 in
253 277 416 298 supergloriosissima
423 277 474 293 Trini-

98 304 131 317 tate
139 306 169 318 non
177 302 210 317 sint
218 302 262 322 prius
269 304 285 318 et
293 302 377 323 posterius.
383 302 474 323 —lnsuper

97 326 198 347 experientia
208 327 254 342 docet
264 327 305 347 quod
317 327 365 342 homo
375 328 428 342 sctum
439 331 474 342 sen-

97 351 148 366 tiendi
161 355 188 366 seu
204 351 302 372 intelligendi
318 356 349 367 non
362 351 431 367 advertit
443 351 473 367 nisi

98 377 135 391 actu
148 375 235 391 voluntatis
247 378 352 392 concurrente
364 378 380 391 et
392 376 474 396 applican-

98 402 120 415 te.
134 400 230 421 Experimur
243 405 307 421 quoque
322 401 364 421 quod
379 405 399 416 ex
413 401 474 416 deside-

99 425 123 440 rio
135 425 195 441 sciendi
208 425 309 445 procedimus
321 425 341 440 ad
352 425 473 445 inquisitionem

97 449 202 470 studiumque
213 449 284 465 scientias
294 454 297 465 ι
308 450 363 470 sicque
374 450 438 466 videtur
448 455 474 466 ac-

501 203 538 219 vins
548 203 622 219 essentia.
631 203 665 219 Haec
675 205 728 219 autem
736 203 810 219 voluntas
819 208 876 219 secun-

501 228 539 244 dum
551 228 623 244 ordinem
634 228 733 249 intelligendi
744 228 819 249 praeoedit
829 232 876 248 gene-

502 253 579 269 rationem
594 253 640 269 Verbi
656 252 724 273 aeterni;
739 254 756 269 et
771 255 807 268 ante
824 253 876 273 ipsam

501 277 635 298 prasintelligitur,
649 278 691 294 sicut
706 278 775 294 essentia
789 280 826 293 ante
840 277 876 293 Filii

500 302 625 323 generationem.
633 302 680 318 Porro
690 302 764 318 voluntas
774 302 816 318 dicta
827 302 877 318 notio-

502 327 559 343 naliter
573 332 600 343 seu
616 327 726 348 personaliter,
739 327 817 348 accipitur
829 332 839 342 a
850 332 877 343 vo-

501 352 562 367 luntate
577 353 594 367 ut
608 352 681 367 voluntas
695 356 699 367 z
713 356 749 372 quas
763 352 876 372 appropriatur

501 376 567 397 Spiritui
579 376 642 392 Sancto>
653 376 672 392 Et
684 376 726 392 sieut
736 376 810 392 voluntas
821 378 839 392 ut
850 381 876 392 vo-

501 401 559 420 luntas,
567 401 623 417 ordine
632 403 692 416 naturae
699 400 758 416 dicitur
766 401 842 421 consequi
850 405 876 416 no-

501 425 552 441 titiam
559 430 563 445 ;
571 426 594 441 sie
602 425 632 441 ista
640 425 713 441 voluntas
721 425 763 441 dicta
771 425 876 446 personaliter

502 455 530 470 pro
543 450 603 470 Spiritu
618 450 680 468 Sancto,
693 450 782 465 secundum
797 450 874 466 rationem

98 476 124 489 tus
138 474 225 490 voluntatis
239 476 293 490 aetum
307 474 397 495 praecedere
412 475 473 490 intelle-
482 475 599 495 Bintelligendi
612 475 716 495 consequitur
728 475 743 490 in
757 474 815 490 divinis
828 479 876 495 genc-

97 500 138 514 ctus.
150 498 194 514 Unde
203 498 219 514 in
230 498 272 515 libro
281 499 301 514 de
311 499 388 514 Trinitate
398 499 473 515 disseruit

97 523 196 544 Augustinus
208 528 212 539 t
225 523 288 539 Par-tum
300 524 364 542 mentis,
377 526 416 544 puta
428 524 472 540 verbi

97 550 199 568 conceptum,
211 548 286 569 praecedit
296 549 382 569 appetitus.

117 597 140 613 Ad
150 597 193 613 istud
201 597 289 613 Alexander
297 598 473 618 respondet1Voluntas

97 626 125 637 seu
140 622 222 642 appetitus
236 622 318 638 rationalis
331 624 355 638 est
370 622 434 643 duplex*
446 622 473 638 Est

97 651 167 667 namque
174 646 248 662 voluntas
256 648 273 662 ut
281 648 361 665 naturaei
369 649 392 662 est
399 647 473 663 voluntas

97 673 115 686 ιιι
126 671 201 687 voluntas
212 676 216 686 :
226 676 266 691 quas
279 671 384 687 Damascenus
396 672 473 692 exprimit

97 695 156 711 Gracia
167 695 226 711 verbis.
235 695 283 711 Porro
294 695 368 711 voluntas
380 698 398 711 ut
410 698 471 715 natura,

97 722 120 736 est
127 720 210 741 appetitus
219 720 298 740 generalis
305 722 321 736 et
330 720 472 741 indeterminatus;

98 745 171 761 voluntas
178 749 217 761 vero
226 747 244 760 ut
253 745 332 763 voluntas,
340 747 364 760 est
372 745 446 765 specialis
454 750 472 761 ac

501 499 578 515 rationem
591 499 700 519 intelligentiae
712 504 715 515 :
727 499 783 519 sicque
796 499 876 519 processio

500 524 569 545 Spiritus
579 524 632 540 Sancti
643 524 747 545 consequitur
756 524 875 545 generationem

500 548 542 568 Filii,
551 553 582 564 non
593 551 646 564 tamen
657 549 761 569 consequitur
771 553 788 564 re
798 550 825 564 aut
837 550 876 564 tem-

501 578 544 594 pore⁴
553 573 611 589 Verum
624 573 697 589 voluntas
710 573 762 594 primo
775 573 821 589 modo
833 573 875 589 dicta

500 598 584 616 antecedit,
590 602 640 618 quum
649 598 669 613 sit
676 598 731 613 divina
739 598 812 617 essentia,
820 598 875 614 dicens

500 627 536 638 cum
548 622 578 638 lioc
589 622 666 638 rationem
676 622 695 638 ad
707 622 827 643 productionem
838 622 874 638 Filii

501 652 529 668 per
540 647 665 667 generationem,
673 649 689 662 et
700 646 769 667 Spiritus
780 647 833 662 Sancti
846 652 875 667 per

500 672 623 693 processionem.
636 672 694 688 Ordine
707 676 744 692 ergo
759 674 819 688 natura
831 672 875 692 prior

500 698 524 712 est
535 696 617 717 generatio
631 701 679 716 quam
694 696 779 717 processio.
792 696 828 712 ΗΜ
840 696 875 712 Ale-

501 721 566 737 xsnder.

520 745 608 761 Concordat
617 745 732 764 Bonaventura,
740 745 808 761 dicendo
816 750 820 761 z
828 745 875 764 ouid-

97 769 170 785 del'inita.
183 769 245 785 Etenim
259 770 331 785 voluntas
344 772 361 785 ut
374 772 436 788 natura,
449 770 473 785 in-
482 771 493 787 G
500 770 539 791 quid
547 770 568 786 sit
575 770 594 785 de
602 770 658 786 ordine
666 769 710 789 reali,
719 770 738 786 de
746 774 778 790 quo
786 770 828 786 intra
835 770 875 786 dice-

96 796 139 810 serta
146 796 171 809 est
177 794 244 810 cuilibet
252 794 327 814 potcntioe
334 794 392 810 animm
400 796 472 815 respectu

97 818 121 834 sui
133 818 193 839 objecti
205 820 222 834 et
233 820 282 837 actus,
294 818 314 834 ad
329 823 365 839 quas
379 819 473 835 naturaliter

97 843 185 859 inclinatur
193 848 197 859 τ
205 843 339 863 quemadmodum
350 843 375 859 vis
388 843 473 859 irascibilis

97 868 116 883 ad
124 868 185 883 bonum
195 868 269 886 arduum,
277 867 408 888 concupiscibilis
418 868 437 884 ad
445 868 473 884 bo-

97 897 135 908 num
146 892 247 911 delectabile,
256 892 337 908 rationalis
346 892 365 908 ad
373 897 435 908 verum.
443 893 473 909 Vo-

97 917 150 933 luntas
157 922 195 933 vem
206 919 223 932 ut
230 917 309 935 voluntas,
318 917 378 933 inserta
387 919 411 933 est
421 917 472 934 solum

96 941 152 957 virtuti
163 941 226 957 motivae
238 941 316 960 rationali,
325 946 360 962 qum
371 944 443 958 movetur
453 947 472 958 cx

96 966 164 982 arbitrio
171 968 219 986 atque
228 966 289 986 judicio
297 966 352 982 libere.
361 966 437 982 Voluntas
445 967 472 982 illa

97 991 150 1012 primo
162 991 209 1006 modo
220 993 289 1011 sumpts,
298 991 371 1006 notitiam
384 991 473 1012 intelligen-

97 1016 168 1036 tiamque
176 1015 252 1036 praecedit
260 1020 264 1031 t
273 1015 348 1035 quoniam
356 1016 437 1036 appetitus
445 1016 472 1031 ille

97 1042 121 1056 est
131 1040 147 1056 in
160 1040 196 1060 ipsa
207 1040 221 1055 vi
232 1040 312 1060 cognitiva
323 1042 396 1061 respectu
409 1040 472 1056 motivae

500 797 532 813 tur,
538 797 590 810 tamen
599 794 686 810 seeundum
695 794 767 810 ordinem
776 794 875 815 intelligendi

501 819 544 840 prior
556 821 580 835 est
594 819 674 835 emanatio
686 818 739 837 Verbi,
752 821 785 834 tum
798 819 874 839 quoniam

501 843 570 859 Verbum
585 843 683 864 principium
696 845 719 858 est
731 843 800 864 Spiritus
814 843 873 863 Sancti,

501 870 534 883 tum
547 868 585 888 quia
597 867 666 883 Verbum
681 867 754 888 procedit
768 872 797 888 per
809 868 873 884 modum

500 894 566 908 naturae.

522 917 554 933 Hoc
566 917 607 933 idem
618 916 686 933 Thomas
697 916 755 932 clarius
766 917 857 937 exprimens
869 922 872 933 :

500 942 517 957 ln
529 941 594 960 divinis,
604 941 662 961 inquit,
671 946 702 957 non
713 943 765 962 potest
776 942 873 958 considerari

500 966 530 982 nisi
541 966 584 987 qnod
594 966 684 982 absolutum
696 968 725 985 est,
733 966 776 986 quod
788 968 812 982 eet
823 971 873 982 unum

500 993 515 1006 et
526 990 630 1009 indivisibile,
639 991 655 1006 in
666 995 698 1011 quo
711 990 784 1011 prioritas
796 993 812 1006 et
823 993 874 1011 poste-

501 1016 563 1031 rioritas
578 1020 609 1031 non
622 1015 714 1033 invenitur:
727 1015 752 1031 vel
764 1015 806 1036 quod
822 1015 875 1031 relati-

499 1045 543 1057 vum.
552 1040 658 1056 Rclativorum
670 1044 708 1056 vero
720 1042 777 1055 natura
788 1039 812 1056 est
824 1042 842 1056 ut
853 1040 874 1056 si—

98 1064 192 1081 naturaliter
202 1064 270 1080 insertus
281 1065 364 1085 (potentin
375 1065 470 1085 cognitive),
480 1066 492 1082 D
499 1065 532 1081 mul
545 1065 577 1080 sint
590 1067 666 1085 tempore,
677 1066 734 1080 natura
746 1066 762 1080 ct
774 1065 855 1081 intellectu
869 1070 872 1081 :

97 1094 129 1110 quo
143 1089 166 1105 rei
181 1089 232 1104 inhiat
246 1089 364 1109 cognoscendas.
378 1089 396 1105 Et
408 1090 427 1105 de
442 1090 471 1106 hoc

96 1114 168 1135 appetitu
184 1114 279 1134 intelligitur
290 1114 376 1130 auctoritas
387 1114 470 1135 Augustini

95 1139 127 1159 jam
138 1140 185 1154 tacta.
194 1138 242 1154 Porro
249 1137 322 1154 voluntas
333 1140 350 1154 ut
359 1139 439 1158 voluntas,
447 1144 472 1155 or-

95 1164 131 1179 dine
141 1165 203 1179 naturae
213 1163 286 1179 notitiam
296 1163 374 1184 sequitur.
382 1163 415 1179 Non
427 1164 469 1179 enim

96 1192 180 1208 possumus
188 1188 250 1208 aliquid
258 1188 299 1203 velle
306 1192 358 1208 noque
366 1188 432 1208 diligere
440 1189 470 1204 nisi

96 1212 187 1233 aliqualiter
195 1214 256 1228 notum.
264 1212 310 1228 Juxta
320 1212 363 1228 liunc
371 1213 436 1228 modurn
445 1217 471 1233 po-

96 1237 139 1253 nitur
146 1237 163 1252 in
171 1236 231 1252 divinis
238 1237 312 1253 voluntas
319 1237 411 1258 dupliciter,
417 1239 471 1258 utpote

95 1261 202 1277 essentialiter
213 1263 229 1277 et
241 1261 351 1282 personaliter*
359 1261 436 1277 Voluntas
448 1267 472 1277 es-

96 1286 185 1302 sentialiter
198 1285 246 1304 dicta,
259 1286 329 1301 sumitur
340 1291 349 1302 a
360 1286 442 1302 voluntate
455 1289 472 1302 ut

97 1313 153 1327 natura
162 1315 166 1326 ε
174 1312 191 1326 et
199 1310 232 1326 haec
242 1311 316 1327 voluntas
325 1311 371 1331 quasi
382 1311 473 1327 indetermi-

98 1337 134 1351 nata
144 1337 169 1351 est
178 1337 195 1351 et
203 1335 283 1356 generalis
294 1335 309 1351 in
320 1335 384 1355 divinis,
392 1341 442 1356 quum
453 1337 473 1352 sit

499 1090 535 1106 ideo
545 1090 626 1110 generatio
638 1094 669 1105 non
682 1091 706 1105 est
718 1089 762 1110 prior
773 1090 874 1110 processione

499 1114 554 1135 aliquo
563 1114 610 1130 modo
620 1114 647 1134 qui
659 1114 709 1134 possit
718 1114 737 1129 ad
746 1114 801 1130 divina
811 1114 873 1133 referri,

499 1140 526 1155 sed
534 1141 596 1155 tanturn
603 1139 691 1155 secundum
701 1139 766 1155 modum
775 1139 873 1160 intelligendi

499 1164 526 1185 qui
538 1166 562 1179 est
573 1164 588 1179 in
601 1163 681 1179 intellectu
693 1165 747 1179 nostro
757 1164 874 1183 tantum,acci-

500 1189 554 1209 piente
567 1188 686 1209 generationem
698 1190 714 1203 ct
727 1188 844 1208 processionem
856 1188 873 1204 in

499 1213 558 1229 divinis
573 1213 660 1229 secundum
675 1212 788 1228 similitudines
803 1215 873 1233 repertas

500 1239 515 1254 in
528 1238 611 1256 creaturis,
624 1242 660 1258 quie
672 1237 718 1253 valde
730 1237 824 1253 deticientes
837 1239 874 1253 sunt

499 1263 518 1279 ad
529 1262 675 1283 rcpraesentandum
684 1262 804 1282 generationem
814 1264 829 1278 et
839 1267 874 1282 pro-

499 1287 587 1303 cessionem
595 1288 642 1307 prout
649 1286 666 1302 iu
673 1286 732 1302 divinis
741 1286 833 1302 consistunt.
838 1286 874 1303 Eaec

500 1312 568 1328 Thomas
579 1311 595 1327 in
606 1311 673 1332 Scripto.

520 1336 568 1352 Porro
576 1336 631 1352 Petrus
641 1336 703 1356 quaerit,
711 1340 731 1351 an
742 1335 791 1352 Filius
800 1336 821 1352 eit
831 1338 874 1352 natu-

845 131 904 147 485·
