1088 1569
314 132 368 146 nuans
379 133 402 145 ΒΙΤ
412 132 496 145 ΒΙΒΤΙΝΦΤΙΟ
507 133 552 145 ΙΝῘΙΙΙ
562 133 646 145 ammira
657 134 710 146 ΏΝΙΚΑ

870 131 899 147 ¹51

121 174 139 190 in
151 175 235 193 creaturis,
246 176 264 190 ιιι
274 174 314 190 Deus
324 174 387 190 dicatur
396 174 447 190 honus
460 179 498 195 quo-
506 175 518 190 A
526 175 564 195 quid
575 176 648 196 sequitur
656 177 676 192 ad
686 177 787 197 sapientiam,
796 178 812 193 in
822 180 900 198 quantum

121 199 167 215 niam
180 199 267 215 bonitatem
280 199 334 215 influit
346 199 428 215 creaturis.
440 199 499 215 Secun-

120 224 149 242 do,
160 224 176 239 in
187 226 265 244 quantum
277 229 306 244 per
317 224 382 240 modum
394 226 471 240 creetur-ie
481 229 498 240 ee

121 248 177 267 babet,
186 251 203 264 ut
210 248 273 265 dicatur
280 248 335 265 volens
342 251 369 264 aut
378 249 414 269 pius
424 249 440 265 in
450 254 499 270 qusn-

121 275 158 289 tum
169 278 186 289 ee
196 273 244 289 babet
254 274 273 289 ad
285 274 349 289 modum
360 273 428 290 volentis
438 278 466 289 seu
475 274 498 294 pii

122 298 139 314 in
155 298 256 319 producendo
270 298 338 314 eftectus
351 303 354 314 :
367 299 409 314 sicut
421 301 437 314 et
449 299 498 314 iratus

121 325 190 339 vocatur
203 323 241 343 quia
252 323 272 338 ad
286 323 350 339 modurn
363 328 380 339 se
395 323 443 339 hahet
456 323 497 339 irati.

120 347 182 368 Sioque
190 348 278 363 secundum
288 347 381 368 opinionem
392 348 438 367 lianc,
446 348 499 368 sequi-

121 374 151 387 tur
161 372 203 392 quod
214 372 268 388 omnia
278 377 314 392 quis
326 372 402 388 dicuntur
411 372 431 388 de
442 372 473 388 Deo
483 374 499 388 et

120 397 206 415 creaturis,
215 397 289 412 dicantur
298 397 318 412 de
327 397 350 412 eis
361 401 400 417 pure
411 397 498 417 asquivoce,

121 423 172 442 atque
182 421 224 442 quod
236 421 280 437 nulla
291 421 311 437 sit
323 421 411 440 similitudo
422 423 499 437 creaturae

121 446 143 462 ad
156 446 245 462 ere-torem
257 451 277 462 ex
290 446 321 462 hoc
336 446 378 466 quod
391 448 464 462 creatura
475 448 499 462 est

526 200 624 220 hujusmodi,
633 203 675 217 recte
683 203 699 217 et
709 202 773 222 proprie
781 202 856 218 convenit
863 202 900 218 Deo*

547 224 594 240 Porro
604 225 638 241 istie
645 226 728 246 opiniones
738 227 812 247 quamvis
822 227 838 242 in
848 231 902 247 super-

526 248 565 265 ficie
576 249 661 266 videantur
673 250 745 269 diversae,
756 255 787 267 non
799 253 837 267 sunt
849 253 901 267 tamen

526 274 616 293 contrariis,
629 274 642 290 si
657 275 693 295 quis
708 276 777 291 rationes
792 276 870 292 dictorum
883 281 902 292 ox

526 299 579 314 causis
586 301 639 314 sumat
646 299 709 315 dicendi
717 304 720 315 :
728 300 804 320 quoniam
812 300 860 321 primi
868 305 904 316 con-

526 323 637 339 sideraverunt
648 329 673 340 res
684 325 726 345 ipsas
740 327 801 341 creatas
811 325 870 346 quibus
880 328 903 341 at-

526 348 623 364 tributorum
632 349 697 365 nomina
707 349 819 370 imponuntur;
827 350 903 370 quemad-

526 373 592 388 modum
610 373 639 389 hoc
655 378 719 393 nomen,
735 374 822 395 Sapientia,
838 374 902 390 cuidem

527 397 616 418 imponitur
630 398 709 418 qualitati,
722 401 738 414 et
753 399 783 415 lioc
798 403 861 417 nomen,
875 399 902 415 Ee-

526 422 583 441 sentia,
594 422 656 438 cuidam
669 423 691 439 rei
703 428 734 439 non
746 424 838 440 subsistenti
848 428 867 439 ex
878 429 901 440 se.

526 446 545 462 Et
553 447 586 463 linc
594 447 641 467 longe
648 452 657 463 a
665 447 696 464 Deo
703 450 745 464 sunt.
751 448 819 468 Ideoque
827 448 902 464 dixerunt

122 471 166 486 bona
177 472 204 486 aut
214 471 278 491 sapiens
289 475 293 486 z
304 471 346 491 quod
357 475 432 491 expresse
442 471 499 486 asserit
508 471 519 486 B
526 471 569 492 quod
580 471 621 487 Deus
630 474 654 487 est
663 477 698 488 esso
707 472 742 488 sine
752 473 826 491 essentia,
834 475 850 488 et
859 473 902 493 quod

122 495 175 511 Rabbi
189 495 255 516 Moyses,
271 495 362 511 Secundum
379 495 409 511 boo
424 500 467 515 eigo,
482 495 498 511 id

121 520 166 540 quod
178 519 269 540 concipitur
281 520 300 536 de
313 519 404 535 nominibus
416 519 499 536 attributo-

121 549 165 563 rum,
176 549 207 560 non
220 544 289 560 retertur
300 544 320 560 ad
331 544 380 560 Deum
393 546 411 560 ut
423 544 443 560 sit
455 545 499 560 simi-

121 569 174 585 litudo
186 569 255 589 alicujus
267 569 309 589 quod
322 569 337 584 in
350 573 369 585 eo
380 571 409 584 est,
420 569 463 585 Unde
475 574 499 585 ae-

121 594 178 614 quitur
185 594 227 614 quod
235 593 304 609 rationes
312 593 394 609 nominum
402 594 458 609 horum
467 598 497 610 non

121 620 161 634 sunt
169 619 185 634 in
194 618 226 634 Deo
234 619 279 639 quasi
288 618 378 639 proximum
388 618 458 634 habeant
465 618 499 634 fun-

121 643 217 659 damentum
229 643 245 659 in
256 643 296 664 ipso,
305 643 333 659 sed
344 645 421 659 remotum
431 648 435 659 2
444 648 499 664 quem—

121 668 209 684 admodum
219 667 288 683 dicimus
295 668 315 683 de
323 667 427 683 relationibus
436 672 472 688 qua
479 673 499 684 ex

121 695 195 713 tempore
202 692 222 708 de
230 692 260 708 Deo
268 692 448 713 dicuntur.flujusmodi
455 692 498 708 enim

122 717 209 733 relationes
220 717 237 732 in
250 716 281 732 Deo
294 717 357 732 realiter
370 721 401 732 non
416 719 458 735 sunt,
472 717 498 733 sed

121 744 213 762 sequuntur
225 742 290 757 modum
303 741 408 762 intelligendi,
420 743 468 762 prout
479 742 499 757 de

527 500 558 511 non
567 498 590 511 est
597 496 676 516 sepientia
684 497 699 512 in
708 497 740 513 Deo
747 497 835 512 seeundum
843 502 865 513 se.
871 497 902 513 Alii

527 525 565 536 vero
572 520 713 537 consideraverunt
723 522 777 537 modos
786 521 902 542 perfectionum

526 550 546 560 ex
561 545 620 565 quihus
635 546 700 561 nomina
714 546 757 562 dicta
771 548 857 562 sumuntur
870 551 874 562 t
887 549 903 562 et

527 569 603 590 quoniam
616 570 657 585 Deus
669 570 757 586 secundum
771 575 821 586 unum
834 571 902 592 simplex

526 599 566 613 erse,
580 594 654 610 omnibus
669 595 720 611 modis
736 595 816 615 perfectus
830 598 860 614 est,
874 595 901 616 qui

527 619 569 634 modi
580 619 687 639 importantur
698 624 726 640 per
736 620 800 635 nomina
810 620 846 640 ilts3
855 620 902 636 idcir-

527 648 546 659 co
553 643 629 659 dixerunt
636 644 678 664 quod
686 644 751 660 nomina
760 644 788 660 illa
796 645 863 665 positive
870 645 902 661 Deo

526 668 630 684 conveniunt.
642 668 678 684 ldeo
690 670 746 684 neutra
759 669 853 689 opinionum
865 669 902 685 ista-

527 697 563 708 rum
571 695 617 713 negat
624 693 666 713 quod
675 693 706 709 alia
713 693 752 709 dicit
759 698 763 709 z
770 694 809 714 quia
816 698 845 709 nec
854 694 902 714 primi

526 717 598 733 dicerent
605 717 675 738 aliquem
685 718 750 734 modum
761 718 863 739 perfectiouis
871 718 902 734 Deo

526 742 587 761 deesse,
600 746 629 757 nec
643 742 709 758 secundi
725 743 825 763 qualitatem,
837 745 865 759 aut
877 748 902 759 res

121 766 240 782 intentionibus
250 766 311 782 dietum
322 768 351 781 eet.
361 765 380 781 Et
391 766 414 781 sic
423 766 469 786 juxto
478 766 499 782 ie-
508 767 519 783 C
527 771 559 782 non
573 766 683 785 subsistentes,
697 767 728 783 Deo
741 767 832 783 convenire.
845 777 865 779 —
877 767 903 783 Sic

120 793 156 807 tam
167 791 265 811 opinionem,
276 790 345 806 rationes
355 791 467 806 attributorum
479 791 499 806 is-

122 818 177 832 torum
189 817 227 831 sunt
241 817 303 831 tantum
316 815 332 831 in
345 817 398 831 nostro
411 815 498 834 intellectu,

121 845 156 856 nun
168 840 185 856 in
198 840 237 860 Deo;
250 841 266 855 et
277 839 367 855 intellectus
378 844 405 855 ees
417 840 499 856 adinvenit

121 870 143 881 ex
155 864 281 880 consideratione
290 866 405 883 creaturarum,
414 869 443 884 per
453 869 500 885 nega-

121 890 183 906 tionem
198 891 225 905 aut
237 889 352 907 causalitatem,
365 891 383 904 ut
394 889 454 904 dictum
469 891 498 905 est⁴

120 923 143 925 —
150 913 180 929 Alii
191 918 234 932 vero,
243 915 260 929 ut
270 913 285 929 S.
293 913 377 934 Dionysius
385 915 400 928 et
408 913 498 932 Anselmus,

121 940 202 954 testantur
210 938 252 958 quod
263 938 279 953 in
289 937 320 953 Deo
331 938 453 958 prmerninenter
462 943 499 954 con-

121 963 166 979 sistit
179 962 258 983 quidquid
274 962 376 983 perfectionis
391 962 407 978 in
421 963 498 978 creaturis

120 989 152 1003 est.
161 987 180 1003 Et
187 987 221 1003 lunc
229 986 348 1007 praeminentia
355 987 442 1002 attenditur
450 992 498 1008 penes

121 1012 154 1028 tris
162 1017 166 1028 ῑ
176 1012 233 1032 primo,
242 1013 319 1032 quantum
328 1011 347 1026 ad
356 1011 497 1031 universalitatem,

121 1037 162 1058 quis
173 1037 189 1052 in
201 1036 233 1052 Deo
243 1038 281 1052 sunt
290 1040 345 1052 omnes
356 1035 461 1056 perfectiones
472 1036 498 1052 mt-

526 796 564 811 ergo
574 793 617 812 petet
627 792 698 810 tertium,
710 792 771 807 scilicet
780 792 822 812 quod
834 793 903 809 rationes

526 816 640 832 attributorum
652 818 690 832 sunt
700 821 738 832 vere
750 817 767 832 in
779 816 815 836 Deo,
826 817 902 837 quoniam

527 841 567 856 ratio
575 840 644 856 nominis
654 841 704 861 magis
711 845 728 856 se
736 843 779 857 tenet
787 846 806 857 ex
815 843 860 862 perte
867 842 902 862 ejus

526 870 536 881 s
547 869 579 885 quo
592 869 648 881 nornen
662 865 756 886 imponitur,
767 870 815 886 quam
826 870 845 881 ex
857 868 901 886 parte

526 889 561 910 ejus
572 889 597 905 oui
609 889 702 910 imponitur.

546 914 625 932 Quantum
637 918 675 930 vero
685 914 705 929 ad
717 916 798 934 quartum.
808 919 828 930 an
840 915 901 931 scilicet

528 938 610 959 pluralitas
620 939 699 954 rationum
711 939 776 954 istarum
784 939 804 955 sit
812 941 873 955 tanturn
881 944 901 955 ex

528 965 572 983 parto
583 963 673 979 intellectus
686 963 741 982 nostri,
751 963 777 979 vel
789 963 843 984 aliquo
855 964 902 980 modo

526 992 546 1003 ex
559 989 603 1008 perte
616 987 644 1006 rei,
655 987 738 1003 sciendum
750 988 793 1008 quod
806 988 836 1003 ista
849 988 902 1008 plura-

527 1012 563 1028 litus
573 1012 651 1028 rationum
663 1012 741 1032 contingit
751 1017 771 1028 ex
782 1012 812 1028 boc
823 1013 865 1033 quod
877 1017 902 1028 rea

526 1041 562 1057 quae
577 1036 617 1052 Deus
631 1038 660 1056 est,
676 1039 742 1057 superat
758 1037 857 1053 intellectum
873 1042 902 1053 no-

122 1064 181 1080 nnata,
191 1065 228 1082 quie
238 1060 254 1076 in
265 1061 342 1076 creaturis
353 1065 384 1076 non
396 1061 497 1081 adunantur;
506 1062 518 1078 D
526 1064 582 1078 strum.
593 1061 684 1077 lntellectue
695 1062 754 1077 etenim
766 1064 820 1078 noster
832 1067 863 1078 non
875 1067 902 1083 po-

121 1086 199 1104 secnndo,
208 1087 286 1106 quantum
297 1085 316 1101 sd
328 1085 450 1106 plenitudinem,
461 1086 499 1106 quia

122 1111 139 1126 in
150 1110 181 1126 Deo
189 1112 227 1126 sunt
236 1109 271 1125 sine
279 1109 351 1129 deiectu;
359 1110 412 1128 tertio,
420 1112 498 1130 quantum

121 1136 142 1151 ad
150 1135 234 1154 unitatem,
243 1135 281 1155 quia
288 1134 304 1150 in
312 1134 344 1150 Deo
351 1136 389 1150 sunt
399 1139 454 1153 unum,
463 1139 499 1155 qua

123 1160 138 1176 in
149 1160 228 1176 creaturis
238 1159 300 1175 diverse
311 1161 353 1175 sunt.
361 1159 381 1175 Et
390 1159 428 1180 quia
439 1160 455 1175 in
467 1164 499 1175 uno

122 1185 177 1201 omnia
188 1184 229 1200 Dens
240 1184 327 1205 praehabet,
336 1183 371 1200 ideo
382 1184 469 1199 secundum
480 1184 499 1200 il-

122 1209 150 1225 lud
163 1213 213 1225 unum
227 1210 285 1224 cuncta
296 1208 376 1229 cognoscit
386 1210 403 1224 et
412 1210 472 1227 causat,
483 1211 499 1224 et

123 1234 177 1250 omnia
187 1233 202 1249 ei
214 1238 243 1254 per
254 1233 343 1253 anslogiam
354 1233 468 1249 assimilantur⁴
476 1233 500 1249 ld-

124 1259 166 1274 circo
173 1258 219 1279 juxta
230 1258 271 1274 lime
281 1257 379 1278 opinionem.
388 1258 500 1278 conceptiones

124 1288 163 1304 quas
178 1282 271 1298 intellectus
285 1284 339 1298 noster
352 1287 372 1298 ex
387 1282 499 1299 attributorum

125 1308 217 1324 nominibus
229 1307 305 1328 concipit,
313 1309 350 1323 sunt
360 1312 401 1323 verse
412 1307 501 1323 similitudi⁴

126 1338 153 1349 nes
163 1333 197 1349 Dei.
208 1332 228 1348 Et
238 1332 276 1348 inde
285 1332 394 1353 consequitur,
404 1333 446 1353 quod
456 1332 501 1353 quid-

526 1088 556 1102 test
563 1091 593 1101 una
601 1086 705 1106 conceptione
712 1086 783 1102 diversos
791 1087 844 1102 modos
853 1086 903 1107 perfe-

525 1111 584 1127 ctionis
595 1111 668 1131 accipere
682 1116 685 1127 :
698 1112 731 1126 tum
741 1111 783 1132 'quie
795 1111 901 1132 cognitionem

525 1136 575 1151 aumit
583 1140 602 1151 ex
612 1135 694 1154 creaturis,
703 1135 719 1151 in
727 1136 786 1156 quibus
796 1138 833 1151 sunt
842 1136 901 1152 diver-si

526 1160 569 1176 rnodi
581 1159 697 1180 perfectionum
710 1160 798 1176 seeundum
809 1160 868 1176 formas
879 1160 902 1176 di-

526 1189 590 1204 versas3
604 1186 638 1200 turn
652 1184 690 1205 quia
705 1184 735 1200 hoc
750 1185 792 1205 quod
807 1185 823 1200 in
835 1185 867 1201 Deo
879 1187 903 1201 est

527 1214 577 1225 unum
588 1211 604 1224 et
614 1209 688 1229 simplex,
700 1208 802 1229 plurificatur
812 1209 828 1225 in
841 1209 903 1225 intelle-

527 1236 553 1249 ctu
564 1236 623 1252 nostro,
633 1233 681 1249 etism
692 1233 704 1249 si
715 1238 725 1249 a
734 1233 765 1249 Deo
776 1233 867 1249 immediato
878 1238 903 1249 co-

526 1258 615 1279 gnitionem
631 1258 714 1278 reciperet,
730 1257 772 1273 sicut
787 1257 904 1278 multiplicatur

528 1282 608 1304 processio
619 1287 652 1298 suoe
662 1282 737 1298 bonitatis
748 1282 764 1298 in
774 1282 810 1298 alii·
820 1283 902 1298 creaturis.

527 1308 572 1323 Unde
580 1312 630 1328 quum
637 1307 679 1322 Deus
686 1307 774 1322 secundum
782 1312 830 1322 unam
838 1309 854 1323 et
861 1311 904 1323 earn-

528 1332 565 1348 dem
579 1336 613 1348 rem
627 1331 648 1347 sit
659 1331 735 1347 omnibus
750 1331 801 1347 modis
816 1331 902 1352 perlectus,
