1088 1569
23 325 60 336 ειειε.

22 342 37 351 n⁴

21 694 91 707 amiam

23 1236 95 1248 launna.

146 131 168 143 ΑΝ
177 131 240 143 ramus
250 132 303 143 iussus
314 131 337 143 sn·
346 131 413 143 sentitus
424 131 491 143 §Aneros
502 131 538 143 Ροετ
547 131 671 142 {maurianum
681 131 723 145 oon!
734 130 779 145 ms,
787 130 820 142 trc-
841 125 871 142 557

94 176 133 189 runt
145 174 165 190 de
175 174 208 190 Deo
218 179 267 195 quam
279 174 325 190 multi
337 174 389 193 modo,
397 176 414 189 et
424 178 471 189 eeon-
478 173 491 189 Δ
499 173 572 189 nitudine
583 176 685 194 acceperunt,
695 173 710 189 in
722 175 799 194 quantum
812 173 828 188 in
840 173 872 188 lide

94 198 150 214 turio>
158 198 174 214 Si
187 201 240 214 autem
253 201 334 219 quaeratur
346 203 393 214 causa
405 198 472 214 diversi-

94 223 133 238 tatis
143 223 189 238 istius
196 223 213 239 in
222 223 273 243 gratia
283 223 370 239 secundum
382 225 471 243 temporum

95 247 186 266 intervalla,
194 248 279 264 dicendum
290 248 332 268 quod
342 250 406 268 tempus
416 252 472 263 secun-

95 272 135 288 dum
145 277 162 288 se
172 277 203 288 non
213 274 237 288 est
247 272 287 288 ratio
296 272 350 292 hujus,
359 272 397 293 quia
407 276 438 288 non
447 277 473 288 ea-

96 296 120 312 dit
131 297 162 312 sub
174 302 222 313 causa
234 297 288 317 aliqua
300 297 389 317 temporali*
401 297 445 312 Unde
457 298 473 312 et

68 328 89 338 vn,
97 321 113 337 in
127 318 221 337 Ebclesiaste
233 322 311 342 seriptum
324 324 347 337 est
360 326 364 337 2
377 321 399 337 Ne
411 321 455 337 dieas
468 326 471 337 z

96 346 138 364 Quid
149 351 200 362 causas
210 349 233 362 est
243 346 286 367 quod
296 346 348 367 prium
359 348 431 367 tempora
439 346 473 361 lue-

98 372 136 386 runt
149 370 215 387 meliora
225 375 273 391 quain
285 371 325 386 ista?
336 371 384 386 stulta
395 371 437 386 onim
449 373 473 386 est

98 395 190 415 hujusmodi
203 395 311 416 interrogatio.
325 395 391 411 Causam
403 400 441 411 vero
453 395 473 410 ia-

98 419 130 435 tius
141 420 186 440 ponit
197 420 270 439 loannes,
279 420 334 435 dicens
342 424 345 435 ι
354 419 423 440 Spiritus
435 424 473 435 non-

97 444 136 460 dum
148 446 182 460 erat
193 444 244 463 datus,
253 445 291 465 quia
299 444 344 460 lesus
356 444 427 460 nondum
439 446 473 460 erat

499 198 591 214 mediatoris
606 198 661 214 salvati
677 200 719 213 sunt.
736 197 806 218 Denique
821 197 872 213 sancti

499 223 557 238 veteris
565 223 660 238 Testamenti
671 222 757 243 dupliciter
764 222 873 238 attenduntur.

499 247 557 266 Primo,
565 249 643 268 quantum
653 247 672 263 ad
682 247 749 268 gratiam
761 246 861 268 personalem
870 251 873 262 :

500 272 555 292 sieque
572 277 601 292 per
618 271 667 287 fidem
684 272 776 287 mediatoris
793 271 874 287 consecuti

500 298 537 312 aunt
547 296 614 316 gratiam
623 301 669 317 :eque
680 296 743 316 plenam
753 296 778 311 his
788 296 816 316 qui
825 296 841 311 in
850 300 876 311 no-

501 325 520 336 vo
532 323 569 336 sunt
581 321 687 340 Testamento,
700 321 732 336 imo
744 320 799 336 multis
812 320 848 341 plus
859 322 875 336 et

501 346 556 361 multis
567 345 629 365 minus,
637 345 713 364 secundo,
722 350 770 365 penes
779 347 838 361 statum
849 349 876 360 na-

502 372 540 386 turre
548 370 591 386 illius
601 370 677 390 temporis
687 374 690 385 :
698 369 754 390 sieque
763 374 813 390 quum
823 369 875 385 adhuc

501 397 594 410 tenerentur
605 394 670 410 obnoxii
683 394 741 410 divinae
752 394 834 409 sententiae
846 398 876 414 pro

501 421 566 439 peceato
578 419 658 439 originali,
671 419 722 439 pretio
735 419 805 434 nondum
817 418 874 437 soluto,

501 445 534 459 erat
542 443 558 459 in
567 444 589 459 eis
599 443 664 464 aliquod
674 443 807 464 impedimentum
817 445 835 458 ut
843 447 875 459 non

96 468 202 489 glorificatus,
211 469 227 484 id
237 471 266 487 est,
273 469 325 489 gloria
335 473 367 484 suas
377 468 474 484 victoriosis-
482 469 494 485 B
502 470 533 484 tam
546 468 593 489 plena
607 468 626 483 ad
639 473 665 484 eos
678 467 725 483 fieret
737 467 791 483 missio
803 467 845 483 sicut
859 467 875 483 in

97 493 142 509 simae
151 493 233 514 passionis,
243 493 363 509 resurrectionis
372 495 387 509 et
395 493 473 509 ascensio-

97 518 123 534 nis
133 518 204 534 nondum
215 518 262 534 nobis
272 520 357 537 meruerat,
366 522 396 534 nec
407 522 436 539 pro
446 522 473 533 no-

97 542 123 558 bis
137 542 199 558 Patrem
214 542 330 563 interpellando
344 543 441 561 obtinuerat,
456 544 474 558 ut

97 567 148 582 alium
159 567 257 583 Par-oletum
267 567 312 583 daret
323 567 374 583 nobis.
383 567 419 583 Flaee
429 567 474 583 Udal—

99 591 148 607 ricus.

118 616 158 632 Hinc
172 616 240 632 Thomas
252 616 304 632 adhue
317 616 375 632 clarius
388 616 456 637 loquens
469 615 475 632 Ξ

97 640 120 656 De
131 641 207 656 missione
217 641 285 661 (inquit)
295 641 364 661 Spiritus
374 641 428 657 Sancti
440 646 475 662 pos-

98 670 155 681 sumus
167 665 210 686 loqui
223 665 314 686 dupliciter.
327 665 385 684 Primo,
398 670 417 681 ex
430 667 475 686 parte

98 690 126 706 Dei
135 690 213 705 mittentis
222 695 225 705 :
234 692 250 705 et
257 690 280 706 sie
287 690 330 711 apud
338 690 391 711 ipsum
400 690 444 706 nulla
451 692 475 706 est

99 714 217 733 transmutatio,
230 715 257 730 scd
269 715 336 735 aequalis
347 715 391 731 omni
404 715 424 730 fit
436 717 475 730 tem-

99 744 138 760 pore
148 739 203 755 missio
212 744 215 755 ι
224 739 254 754 nisi
264 739 306 755 forte
315 739 403 755 secundum
415 740 475 760 prinde-

502 497 543 508 novo
558 492 578 508 fit
592 492 698 511 Testamento,
714 492 761 508 etiarn
779 497 808 513 per
822 492 876 507 tradu-

502 517 573 533 ctionem
583 517 599 533 in
611 517 685 537 gloriam,
698 517 715 532 in
727 521 759 537 qna
771 519 803 532 tota
816 518 876 532 natum

502 541 602 562 imperfectio
616 543 704 558 amovetur.
720 541 755 557 Eme
770 541 843 557 Thomas.
856 550 876 553 -—

502 566 589 582 concor-lat
603 566 719 585 Beneventum,
735 568 750 581 et
764 566 797 584 alii,
813 566 846 581 imo
860 568 876 581 et

502 590 596 606 Alexander.

522 615 538 631 Si
546 617 599 631 autem
607 617 693 636 quietatur,
701 620 721 630 an
731 615 803 631 absolute
811 614 877 635 loquen-

502 640 522 656 do
535 640 587 660 major
598 639 649 660 gratia
661 640 697 655 data
712 639 732 655 sit
746 639 805 655 sanctis
818 639 876 655 veteris

502 665 598 680 Testamenti
610 669 659 685 quam
672 664 709 680 novi
720 669 723 680 :
734 664 825 683 dicendum,
834 664 876 684 quod

502 689 612 705 indubitanter
626 689 683 705 animae
694 689 752 705 Christi
767 689 803 704 data
815 690 839 704 est
853 689 877 704 in-

502 714 615 735 comparabilis
630 713 713 734 plenitudo
726 713 782 734 gratim
796 718 814 729 ae
826 713 877 729 virtu-

502 741 541 757 tum,
555 739 633 754 donorum
647 740 663 754 et
675 738 763 757 fruetuum,
776 740 791 754 et
805 738 877 753 omnium

98 763 228 779 terminationem
243 763 325 784 sapientias
337 768 355 779 ac
371 764 475 784 prescientia
484 764 495 780 G
502 763 594 779 divinorum
601 763 715 778 charismatum
725 762 820 778 excelientia
829 762 879 778 maxi-

98 793 137 807 ωε,
146 788 234 804 secundum
246 788 289 809 quod
300 788 335 804 sine
345 793 374 804 sua
387 789 475 804 mutatione

99 813 213 834 praeordinavit
223 813 311 829 seeundum
322 813 373 829 varias
384 815 475 834 temporum

98 838 207 858 congruitates
217 837 277 858 aliquid
289 837 341 853 facere
353 840 424 858 tempore
437 842 474 856 uno,

99 866 131 878 non
139 862 176 878 alio.
185 861 257 877 Secundo
265 862 309 882 loqui
319 866 403 882 possumus
411 862 430 878 de
438 862 476 878 mis„

99 887 144 903 sione
152 891 171 902 ex
182 889 226 907 parte
236 891 291 902 eorum
301 887 321 902 ad
329 891 369 907 quos
380 886 398 902 fit
407 887 462 902 missio
470 892 474 903 ς

99 914 115 927 et
122 911 146 927 sie
154 911 182 932 qui
190 911 240 932 magis
247 916 264 927 se
275 913 365 932 pneparant
374 911 394 927 ad
401 912 475 932 gratiam,

99 940 135 951 eam
148 936 211 956 plenius
222 938 347 956 consequuntur⁴
355 935 385 951 Sed
397 936 435 956 quia
448 940 476 956 per

99 960 158 976 Christi
169 960 255 976 adventum
266 965 285 976 ac
296 960 386 981 passionem
397 962 476 976 remotum

99 987 124 1001 est
131 985 201 1005 antiquae
209 984 315 1000 damnationis
323 984 430 1004 obstaculum,
438 985 476 1001 hine

99 1011 151 1025 totum
159 1009 248 1025 humanum
255 1014 306 1029 genus
314 1009 364 1029 magis
375 1011 448 1030 paratum
456 1009 476 1025 ad

99 1034 155 1054 gratim
162 1033 279 1055 susceptionem
287 1036 311 1050 est
319 1034 379 1050 factum
388 1039 391 1050 :
401 1036 435 1050 tum
443 1036 477 1055 pro-

503 793 537 808 ma;
548 788 606 803 deinde
619 787 715 803 beatissimae
727 787 794 808 Virgini.
804 787 826 803 De
838 787 879 808 Apo

503 813 547 829 stolis
555 817 593 828 vero
602 812 624 828 ait
634 812 650 828 in
662 812 727 833 prologo
736 812 752 828 S.
761 812 866 833 Hieronymus
874 816 877 827 :

502 837 586 858 Apostolos
598 836 673 852 omnibus
687 836 719 852 illis
731 837 778 857 (puta
789 836 879 857 Prophetis)

503 866 559 877 secure
568 861 640 882 praefero.
649 861 665 877 Si
674 866 712 882 ergo
721 861 772 877 sancti
781 861 818 877 novi
826 860 879 876 Testa-

503 886 552 902 menti
563 886 637 902 dicantur
647 890 703 901 omnes
712 886 739 906 qui
750 886 769 901 ad
780 885 878 906 primitivam

504 911 611 932 pertinuerint
619 910 711 929 Ecclesiam,
716 912 764 931 atque
771 915 791 926 ex
798 910 879 926 ludaismo

503 936 522 951 ad
535 935 643 956 evangelicam
659 935 710 955 legem
724 934 797 951 conversi
811 936 849 950 aunt
860 939 879 950 ae

504 960 574 981 perfecte
585 960 660 976 vixerunt
671 959 687 975 in
699 964 718 975 ea
729 964 761 975 una
771 964 807 975 cum
817 958 879 975 Christe

504 985 593 1005 legislatore
601 987 617 1000 et
624 984 676 1005 eapite
684 984 771 1003 sno,ceteri
779 988 843 1004 quoque
850 983 880 999 ele-

505 1010 526 1025 cti
536 1011 552 1025 et
562 1009 613 1025 saneti
623 1009 650 1029 qui
664 1008 680 1024 in
690 1008 782 1029 evangelica
791 1008 825 1028 lege
837 1008 880 1024 vixe-

505 1036 551 1054 runt;
561 1038 592 1050 nou
604 1036 628 1050 est
640 1033 708 1049 dubium
721 1033 760 1054 quin
772 1032 845 1049 absolute
858 1033 880 1049 lo-

101 1061 137 1080 pter
152 1059 246 1075 solutionem
263 1059 310 1079 pretii
326 1061 342 1075 et
357 1059 476 1079 superationem
485 1060 497 1076 D
505 1059 574 1080 quenda),
582 1058 687 1074 ineffabiliter
694 1058 746 1078 major
752 1058 803 1078 gratia
813 1058 850 1073 data
859 1058 880 1073 sit

100 1084 172 1103 diaboli;
185 1086 219 1099 tum
232 1086 297 1104 propter
309 1083 366 1099 Christi
381 1083 476 1103 doctrinam,

101 1113 130 1129 per
141 1113 189 1129 quam
199 1108 258 1124 clarius
269 1108 315 1124 uobis
327 1108 428 1124 innotescunt
439 1108 478 1125 divi-

101 1137 131 1152 na;
142 1135 175 1148 tum
186 1135 251 1153 propter
261 1132 369 1148 ecclesiastica
378 1135 478 1148 sacramenta

100 1158 156 1178 gratim
166 1157 262 1173 contentiva⁴
271 1157 332 1173 Idcirco
343 1157 423 1178 quuendo
436 1162 478 1173 com-

102 1182 178 1200 muniter,
186 1182 248 1202 plenior
258 1181 300 1197 iacta
310 1184 334 1197 est
344 1182 399 1197 missio
409 1181 478 1202 Spiritus

102 1206 156 1222 Sancti
164 1208 200 1226 post
205 1206 331 1222 incarnationem
340 1211 388 1226 quam
395 1208 436 1225 ante,
441 1206 478 1227 quia

103 1231 123 1247 de
130 1230 230 1251 plenitudine
238 1230 273 1251 ejus
281 1235 336 1246 omnes
344 1231 442 1251 accepimus,
448 1231 478 1246 Sed

102 1258 182 1276 quantum
194 1255 213 1271 ad
228 1255 291 1276 aliquas
304 1255 381 1276 speciales
397 1260 478 1276 personas,

102 1281 145 1296 faeta
155 1282 179 1296 est
189 1280 205 1296 in
215 1280 265 1296 veteri
276 1280 376 1296 Testamento
386 1280 479 1300 plenissime

102 1305 158 1321 missio
166 1305 234 1326 Spiritus
245 1305 298 1321 Sancti
308 1305 396 1321 secundum
407 1305 479 1326 perfeeti-

102 1335 150 1346 onem
161 1330 225 1346 virtutis
233 1335 237 1346 z
245 1330 273 1350 qui
285 1332 338 1346 tamen
349 1330 369 1345 de
378 1330 435 1346 Christi
447 1330 479 1351 ple-

504 1083 564 1099 sanctis
578 1082 672 1103 evangelica
686 1087 734 1103 quam
748 1082 819 1098 Mouieae
834 1082 879 1103 legis,

504 1110 520 1124 et
530 1107 643 1123 exuberantior
653 1107 700 1127 eopia
710 1107 788 1122 donorum
800 1109 832 1122 tam
845 1111 880 1127 grn-

505 1133 531 1148 tim
545 1134 608 1152 gratum
619 1131 693 1147 facientis
704 1136 753 1152 quam
763 1131 818 1151 gratim
830 1131 879 1151 gratis

505 1158 550 1173 datae.
566 1156 628 1172 Etenim
644 1158 728 1177 postquam
743 1156 783 1171 Deus
798 1160 846 1172 verus
860 1160 880 1171 ex

505 1181 611 1198 sacratissima
619 1183 666 1202 atque
674 1180 780 1196 mundissima
787 1180 851 1201 Virgine
858 1185 881 1195 aa·

505 1206 574 1227 sumpsit
586 1208 658 1221 naturam
673 1206 765 1223 humanam,
778 1205 832 1220 deeuit
843 1209 880 1220 eum

507 1236 539 1252 prae
551 1230 598 1246 solito
612 1230 666 1246 divina
681 1230 799 1246 communicare
812 1229 881 1245 homini-

507 1256 542 1271 bus.
548 1255 606 1275 Sicque
613 1257 645 1270 tam
652 1254 731 1270 intensive
738 1258 787 1274 quam
795 1254 880 1272 extensive,

507 1279 636 1296 inenarrabiliter
647 1281 663 1294 et
675 1279 721 1299 quasi
734 1278 881 1299 incomparabiliter

508 1305 570 1326 plenius
583 1304 641 1320 missus
655 1305 680 1319 est
691 1303 759 1324 Spiritus
774 1303 841 1319 Sanetus
853 1303 881 1319 ho-

507 1329 578 1345 minibus
591 1331 627 1349 post
638 1328 763 1344 incarnationem
776 1332 824 1348 quam
837 1329 879 1343 antei
