1088 1569
275 135 297 147 at<
307 135 374 147 ΒΗΕΙΤΙῘΒ
384 135 450 147 SANOE'US
461 135 484 147 sn·
494 135 537 147 “OE
547 135 601 147 PA'l'lls
611 135 631 147 At:
641 135 676 147 ΙΙΙ-ΙΙ

834 130 863 146 4ss

91 179 140 194 Patre.
149 178 193 197 Quod
204 180 220 194 et
229 178 318 194 Alexander
328 183 346 194 ac
359 178 385 194 alii
398 177 483 198 quidamA
491 179 514 193 tas
526 179 628 198 comparatur
639 178 659 193 ad
671 177 721 193 finem
734 179 752 193 ιιι
766 179 832 197 natura;
845 177 864 193 ad

90 203 148 219 sentire
154 203 293 223 videntur-Aliqui
301 203 349 219 etiam
356 203 416 221 dicunt,
420 203 462 223 quod

90 228 161 249 quamvis
168 228 236 249 Spiritus
243 228 310 244 Senctus
318 228 338 243 sit
346 227 393 243 tertia
400 227 415 243 in
424 232 464 243 sum»

90 258 115 269 ma
123 252 200 269 Trinitate
211 257 278 273 persona
286 254 364 273 quantum
374 252 393 268 ad
402 257 464 268 emana-

91 278 159 298 tionem;
169 279 223 293 tamen
234 277 251 293 iu
262 279 340 298 quantum
352 279 376 293 est
387 282 437 293 nexus
448 278 464 292 et

90 302 178 321 vinculum,
192 307 220 317 seu
233 302 293 318 ratione
305 302 348 317 modi
361 302 463 322 procedendi,

90 327 137 342 hahet
153 331 170 342 se
185 327 236 342 instar
251 326 299 342 medii
315 326 356 342 inter
372 326 433 342 Patrem
448 328 463 342 ct

91 351 153 367 Filium.

109 375 155 392 Circa
169 376 203 391 lioec
217 375 327 391 Bonaventura
341 375 437 391 determinat
448 377 464 391 ot

90 401 165 419 declarat,
177 400 219 421 quod
231 400 301 421 Spiritus
313 400 380 416 Sanctus
393 400 464 420 procedit

91 430 119 446 per
129 425 195 441 modum
207 425 312 444 liberalitatis,
323 429 358 445 qum
369 424 428 440 dicitur
439 425 464 440 do‹

91 454 134 465 num.
143 449 161 465 Et
169 449 210 465 ratio
217 449 266 470 hujus
273 451 297 465 est
307 449 384 470 perfectio
393 449 465 465 dilectio-

491 203 543 218 media
555 207 598 221 vero,
611 203 652 218 sicut
664 203 742 221 voluntas,
756 203 772 218 in
786 204 864 223 quautum

490 227 578 243 secundum
591 227 684 243 electionem
697 227 748 243 fertur
760 227 776 243 in
789 232 813 243 ea>
825 227 866 243 Deus

491 252 545 273 itaque
563 257 591 273 per
608 252 672 268 modum
689 252 776 268 voluntatis
793 251 866 273 producit

491 277 568 298 Spiritum
583 277 665 296 Sanctum,
678 277 695 292 in
708 279 785 297 quantum
798 277 833 292 vult
846 276 866 292 fi-

488 307 534 320 vnem,
545 302 620 317 videlicet
631 302 712 322 propriam
723 302 815 317 bonitatem.
827 301 866 317 Hinc

491 326 571 342 emanatio
581 326 650 347 Spiritus
659 326 711 342 Sancti
722 326 827 342 immutabilis
836 328 866 345 est,

492 351 568 372 quoniam
583 351 670 367 bonitatem
683 356 728 367 suam
742 351 783 367 Deua
795 355 867 367 neeessa-

492 376 516 392 rio
525 378 541 391 et
552 376 674 391 immutabiliter
683 376 723 391 vult.
732 376 771 391 Hinc
781 376 867 392 emanatio-

492 405 528 416 nem
539 400 608 421 Spiritus
619 400 672 416 Sancti
683 400 799 416 concomitatur
811 402 867 416 natura

492 425 552 441 divina.
570 425 603 441 imo
619 425 722 446 appropriate
740 425 826 445 loquendo,
842 425 867 441 in-

493 450 565 465 tellectus
576 452 594 465 ut
604 452 664 469 natura,
672 452 696 465 est
707 450 747 465 ratio
758 449 867 470 productionis

91 474 120 493 nia,
129 474 206 495 perfectio
215 474 321 490 emanationis
330 476 378 494 atque
388 474 464 494 perfectio
473 474 485 490 B
493 474 537 495 Filii;
545 476 593 495 atquc
603 479 632 495 per
641 475 706 490 modum
717 474 803 490 voluntatis
813 476 830 490 ut
840 479 868 490 na-

91 498 182 517 voluntatis,
191 503 223 519 qua
234 498 346 514 liberalissima
356 503 375 514 ac
385 498 465 514 fecundis-

91 523 130 539 sima
142 524 234 541 exsistente,
246 528 277 539 non
290 525 342 544 potest
353 528 385 539 non
398 522 464 544 produci

92 552 158 569 persona
171 548 186 563 in
200 548 259 564 divinis
271 548 290 563 ad
303 548 345 564 intra
355 553 359 564 ς
369 550 384 564 et
395 548 429 564 luec
441 550 465 563 est

91 573 130 589 ratio
137 573 202 593 propria
210 573 315 588 emanationis
322 573 373 588 istius.
380 572 465 588 Perfectior

92 602 160 618 namquo
167 599 192 613 est
199 597 264 613 dilectio
273 599 329 613 mutua
339 602 387 617 quam
396 597 464 617 reflexa3

91 624 106 637 et
121 622 173 638 adhuc
190 622 277 642 perfectior
291 624 315 637 est
330 622 394 638 dilectio
410 623 465 637 mutua

92 646 213 665 communicata,
226 651 274 667 quam
287 651 318 662 nnn
331 646 448 662 communicata
460 650 463 661 :

92 671 129 691 quia
147 676 178 687 non
195 671 313 687 communicata
329 671 393 687 videtur
409 675 465 691 sapere

92 700 161 711 amorem
174 695 283 711 libidinosum⁴
294 695 345 714 Ouum
357 700 394 715 ergo
405 695 421 711 in
434 695 465 711 Deo

92 720 112 735 sit
121 725 184 736 summa
194 720 264 739 dilectio,
273 722 289 736 et
299 725 361 736 summa
372 720 437 736 ditectio
446 724 464 735 ac

93 744 172 761 beatitudo
187 749 218 761 non
233 747 257 760 est
271 745 332 765 absque
347 749 415 765 persona
429 749 465 765 qum

493 501 528 515 lura
540 501 569 517 est,
580 501 644 515 emanat.
655 499 724 519 Spiritus
735 499 802 515 Sanctus
813 504 817 514 1
829 499 867 519 quia

493 524 565 544 procedit
575 528 604 544 per
613 524 678 539 modum
688 523 780 542 voluntatis,
788 524 868 540 concomi<

492 550 535 564 tante
543 550 603 567 natura,
609 550 661 564 tamen
671 553 699 569 per
705 548 769 564 modurn
775 548 867 564 voluntatis.

512 573 570 588 Verum
582 573 598 588 in
610 573 640 589 hac
652 573 754 589 distinctione
767 573 815 588 refert
826 573 868 593 AEgi-

492 597 528 613 dius
538 597 644 618 quorumdam
655 597 756 618 positionem,
765 599 819 618 utpote
828 597 868 613 Tho-

492 626 528 641 mae,
536 626 572 642 qua
584 622 631 642 paulu
641 624 678 637 ante
688 627 707 638 ex
718 622 780 642 Scripto
791 622 826 642 ejus
837 622 867 638 hoc

493 646 527 662 loco
540 648 563 662 eet
575 646 639 662 recitata
650 651 654 662 :
665 651 700 667 quaa
712 647 760 662 etiam
773 649 796 662 est
810 646 867 667 positio

492 671 583 690 Alexandri,
595 671 713 690 Bon-venturus,
721 673 737 687 et
748 671 815 687 aliorum
827 672 868 687 mul-

492 698 551 711 torum*
566 695 609 711 Hanc
624 696 719 716 positionem
734 696 783 711 frater
797 696 867 716 AEgidius

493 721 532 736 dicit
545 720 561 736 in
574 720 636 736 duobus
649 725 720 741 peccare„
731 721 789 739 Primo,
798 721 836 741 quia
848 726 868 737 ex

492 745 585 761 diversitate
596 745 612 760 in
624 745 689 764 effectu,
700 747 769 766 arguunt
780 745 868 761 distinctio-

92 771 147 785 mutuo
158 771 226 788 ametur,
234 771 249 785 et
260 769 295 785 sine
306 774 374 790 persona
384 769 410 785 eui
421 773 466 785 amor
475 770 485 786 C
493 774 529 786 nem
538 770 554 785 in
562 774 610 785 causa
617 774 621 785 ι
628 770 671 790 quod
678 774 710 786 nou
718 772 743 786 est
749 774 811 789 verum,
818 774 867 790 quum

92 796 155 810 mutuus
168 794 318 813 recommunieetur,
329 799 365 814 quae
377 794 465 810 communi-

92 819 132 834 catio
139 821 163 834 est
171 823 200 839 per
207 819 318 834 liberalitatem
324 823 327 834 :
333 819 385 839 palam
393 820 417 834 est
424 818 465 839 quod

93 843 108 859 in
117 843 177 859 divinis
186 843 208 859 sit
217 848 285 864 persona
294 848 323 864 per
333 844 398 859 modum
408 843 465 859 libera-

92 868 140 884 litatis
147 873 166 884 ac
173 868 211 884 doni
220 868 313 889 procedens>
321 868 360 884 Nam
371 870 386 884 et
394 868 420 884 isti
428 870 465 884 sunt

92 893 122 909 duo
130 893 173 909 modi
181 893 277 913 procedendi
285 892 374 913 dignissimi
383 897 387 908 z
396 897 425 913 per
433 897 465 908 mo-

92 918 129 933 dum
141 920 207 936 natum,
216 919 234 933 ut
246 917 298 938 proles
309 922 318 933 a
328 919 403 938 parente;
411 919 427 933 et
437 922 465 938 per

92 943 156 958 modurn
168 942 275 961 liberalitatis,
286 944 303 958 ut
314 942 374 958 donum
385 947 394 957 a
404 942 463 958 datore.

92 976 110 978 —
118 967 190 987 Denique
199 966 278 983 universae
288 968 365 983 creaturae
377 967 465 987 procedunt

92 997 101 1007 ι
115 991 146 1007 Deo
161 996 190 1012 per
205 991 312 1012 cognitionem
328 993 343 1007 et
360 991 464 1007 voluntatem.

92 1016 223 1034 Quemadmodum
230 1020 266 1036 ergo
272 1018 310 1031 ante
317 1018 423 1032 creaturarum
432 1020 465 1036 pro-

92 1040 181 1057 ductionem
194 1040 225 1056 fuit
236 1040 252 1056 in
268 1040 299 1056 Deo
311 1042 370 1056 osterna
384 1040 465 1061 generatio

493 794 544 814 major
552 794 572 810 sit
580 795 633 810 unit-a
641 794 656 810 in
665 799 713 810 causa
720 799 768 815 quarn
777 795 793 810 in
801 794 867 810 etlectn.

493 819 553 835 Rursus
565 819 648 838 falluntur,
660 819 697 840 quia
710 824 739 840 per
750 819 867 835 emanationem

493 845 602 859 creaturarum
611 844 679 864 probant
688 844 806 860 emanationem
815 849 868 865 perso-

494 873 555 884 narum.
561 877 581 879 —
587 868 644 884 Verum
653 868 744 889 reprobatio
752 868 782 884 ista
790 869 812 884 nil
820 869 867 887 valet,

493 895 508 908 et
516 893 588 914 qumdam
596 893 637 909 falsa
644 893 746 909 continentur
754 893 771 909 in
779 898 802 909 ea.
807 893 867 914 Nempe

493 917 554 938 proefati
568 917 640 933 doctores
652 922 672 933 ex
684 918 775 934 diversitate
788 920 867 933 creatura-

494 946 529 957 rum
545 946 577 958 non
593 944 662 962 arguunt
677 942 785 958 diversitatem
801 947 835 958 esse
851 942 867 958 in

493 966 571 985 Creatore,
580 967 612 982 imo
624 969 640 982 et
651 967 681 987 ipsi
694 966 755 985 dicunt,
763 971 782 982 ex
795 967 820 982 liis
832 971 868 987 quas

493 991 509 1007 in
520 991 597 1007 creaturis
607 991 714 1012 reperiuntur,
723 996 755 1007 non
766 996 812 1012 posse
822 991 868 1007 susti-

493 1016 554 1032 cienwr
569 1016 633 1037 probari
648 1016 765 1037 processionem
781 1016 797 1032 in
809 1016 868 1032 divinis

493 1041 512 1057 ad
521 1041 572 1061 intra3
580 1041 607 1057 sed
616 1041 643 1057 illa
650 1046 669 1057 ex
679 1041 712 1057 fide
720 1041 808 1062 supposita,
817 1041 868 1057 decla-

93 1065 144 1084 Verbi,
155 1065 171 1081 in
184 1070 217 1086 quo
228 1065 272 1081 Pater
282 1065 336 1081 omnia
347 1065 401 1081 fienda
413 1065 466 1086 dispo
474 1067 486 1082 D
494 1068 529 1081 rant
539 1070 559 1081 ex
571 1066 672 1086 processione
684 1068 792 1082 creaturarum
806 1071 869 1087 proees-

92 1090 133 1110 ιιιιι;
146 1090 169 1105 sic
181 1092 197 1105 et
208 1091 267 1106 aeterna
279 1090 359 1110 processio
371 1089 435 1108 amoris,
449 1090 464 1105 in

93 1119 123 1135 qno
135 1114 180 1130 Pater
192 1114 246 1130 omnia
260 1119 295 1135 quaa
308 1114 361 1133 vellet,
374 1116 434 1130 amaret
447 1119 465 1130 ac

92 1139 140 1155 daret.
153 1139 202 1155 Amor
214 1143 283 1159 namque
295 1141 320 1155 est
331 1139 392 1155 donum
404 1139 420 1154 in
433 1143 465 1159 quo

93 1164 122 1180 alia
131 1165 190 1180 cuncta
199 1163 284 1182 donantur,
293 1168 322 1179 noc
329 1164 390 1184 aliquid
401 1164 466 1184 proprie

93 1188 138 1204 duur
148 1188 180 1204 nisi
190 1192 210 1203 ex
219 1193 279 1204 unere.
290 1188 326 1204 Haec
335 1188 450 1204 Bonaventura.

111 1213 158 1229 Porro
165 1212 237 1233 AEgidius
246 1217 295 1233 supra
304 1213 422 1229 distinctionem
431 1217 466 1233 rep-

93 1237 146 1253 timam
156 1237 212 1258 aliqua
221 1237 278 1253 scribit
288 1237 315 1253 hic
327 1237 429 1253 advertenda.
437 1237 466 1253 Vo-

94 1262 149 1281 luntas,
155 1262 184 1280 ait,
189 1262 225 1278 vult
231 1262 285 1282 aliqua
292 1262 312 1278 de
320 1262 419 1281 necessitate,
425 1262 466 1278 vide-

93 1287 129 1303 licet
138 1287 195 1305 tinem,
203 1286 220 1302 in
227 1291 276 1307 quem
283 1287 308 1307 (ut
317 1287 364 1303 tertio
373 1286 465 1302 Ethicorum

93 1311 171 1332 innuitur)
185 1311 280 1327 naturaliter
294 1311 367 1327 ferimur.
382 1311 417 1327 Alia
431 1312 466 1327 vult

94 1340 123 1352 ιιοιι
130 1336 150 1352 de
160 1336 260 1355 necessitate,
269 1338 286 1352 ut
296 1336 354 1352 medis.
362 1336 402 1352 Hinc
410 1336 466 1352 volun-

493 1091 554 1106 sionem
565 1090 636 1106 divinam
647 1095 666 1106 ac
677 1090 796 1109 immanentem,
805 1091 850 1111 quasi
859 1096 868 1106 a

494 1115 583 1135 posteriori,
592 1116 607 1130 et
617 1117 695 1135 quantum
705 1115 720 1130 id
731 1115 767 1131 fieri
777 1115 801 1131 ras
811 1117 840 1131 est.
847 1124 868 1127 —

493 1140 569 1155 Proeterua
581 1144 612 1155 non
623 1142 647 1155 est
657 1144 718 1158 verum,
727 1140 769 1160 quod
779 1144 842 1160 semper
852 1142 868 1156 et

493 1164 589 1184 generaliter
596 1164 646 1184 major
652 1166 675 1180 est
683 1164 734 1180 unitas
742 1164 758 1180 in
767 1169 813 1180 causa
820 1169 867 1185 quam

493 1188 509 1204 in
521 1188 556 1209 ejus
567 1188 626 1204 eflectu
635 1193 639 1204 t
648 1188 680 1204 imo
690 1189 741 1209 major
752 1188 835 1205 diversitas
845 1191 868 1204 at-

493 1218 525 1234 que
533 1213 616 1234 pluralitas
623 1215 647 1229 est
655 1213 670 1229 in
682 1213 746 1229 homine
754 1218 802 1234 quam
810 1213 826 1229 in
835 1218 868 1229 mo-

494 1240 510 1253 tu
522 1238 578 1258 ipsius.
587 1238 606 1253 Et
618 1238 654 1253 dato
665 1238 707 1258 quod
720 1238 771 1258 major
782 1238 803 1253 sit
815 1238 867 1253 unitas

494 1263 510 1278 in
519 1267 566 1278 causa
574 1267 621 1283 quam
630 1262 646 1278 ιιι
655 1262 719 1281 effectu,
728 1262 779 1278 nihilo
787 1262 841 1278 minus
848 1267 867 1278 ex

493 1287 585 1303 diversitate
596 1288 704 1302 creaturarum
716 1287 746 1302 rite
756 1286 828 1307 arguitur
839 1287 868 1302 ali-

494 1317 525 1332 qua
533 1312 614 1328 distinctio
622 1316 656 1327 esse
664 1311 680 1327 in
689 1311 725 1330 Deo,
733 1314 787 1332 utpote
795 1312 867 1327 idearum

494 1339 509 1352 et
520 1336 609 1352 intellectus
619 1340 637 1352 ao
647 1335 739 1354 voluntatis,
747 1340 783 1356 quaa
792 1336 815 1352 sic
825 1336 868 1352 idem
