1088 1569
225 126 256 142 438

402 131 418 143 υ(
428 131 483 143 [innuis
493 131 498 142 ι
509 130 630 142 smmum.
642 135 662 138 —-
672 131 710 142 ιλιετΔ
722 131 743 146 Χ;
754 130 811 144 eumn.
823 131 828 142 ι

225 178 270 190 amor
285 178 316 189 non
333 174 389 190 eodem
405 174 452 190 morlo
468 173 547 194 accipitur
561 174 599 189 dum
607 173 620 188 Δ
629 174 678 194 magis
687 175 703 189 ιιι
711 173 780 194 Spiritus
788 178 792 189 :
800 178 832 194 quo
839 173 905 189 nomine
912 172 1004 193 desigantur

225 200 291 214 vocatur
302 199 385 219 proprium
396 201 412 214 et
422 198 549 219 appropriatum.
558 198 600 218 Sapi-

225 222 268 238 entia
275 228 313 239 vero
321 223 342 238 ita
350 225 373 238 est
381 223 502 243 appropriatum
511 223 552 243 quod
561 227 600 238 nun·

225 252 272 267 quem
280 249 304 263 est
312 247 401 268 proprium.
410 247 458 268 Cujus
467 247 507 263 ratio
514 250 537 263 est
545 247 600 268 quoui-

225 277 250 287 sm
258 272 336 292 sapientia
346 277 378 288 non
388 272 489 293 significatur
498 277 527 293 per
535 272 599 288 modum

225 297 297 312 exeuntis
307 297 327 312 ab
337 297 397 317 aliquo,
405 297 432 312 sed
443 301 471 317 per
480 297 545 312 modum
556 297 600 317 quie-

225 321 283 337 scentis
296 321 312 337 iu
325 321 410 341 subjecto:
419 321 454 337 ideo
466 326 530 341 semper
541 323 565 337 est
576 326 600 336 os-

225 346 301 361 sentialia.
310 346 357 362 Porro
367 350 411 362 amor
420 345 522 366 significetur
529 350 558 366 per
567 350 601 361 mo-

225 370 263 386 dum
278 370 350 386 exeuntis
364 371 384 386 ah
399 371 453 391 aliquo
465 375 469 386 :
481 370 532 386 nihilo
548 370 600 386 minus

225 395 306 415 significat
318 395 378 415 aliquid
393 395 489 411 absolutum.
503 395 533 410 Sed
548 395 600 410 exitus

226 420 253 435 ille
266 421 317 440 potest
329 420 396 440 intelligi
410 422 427 435 ιιι
440 420 491 438 realis,
500 420 525 435 vel
538 421 599 435 tanturn

225 444 313 460 secundum
324 444 407 460 rationem.
417 444 476 460 ldcireo
486 449 505 460 cx
516 446 561 465 parte
568 449 600 464 qua

628 198 700 218 quiedam
708 198 762 213 vitalis
769 198 819 214 mutio
826 200 874 218 atque
882 197 964 218 impulsio.
971 201 1004 217 pro-

628 225 645 238 ut
655 223 692 243 quis
702 228 721 239 ex
731 227 786 239 amore
797 222 856 238 moveri
867 222 927 238 dicitur
937 224 965 237 ιιιι
976 222 1004 237 im-

629 248 667 268 pelli
678 248 697 263 ed
708 248 770 268 aliquid
782 247 878 263 laciendum.

645 273 666 288 De
674 273 703 288 hac
712 277 728 288 re
736 272 793 288 scribit
799 272 847 288 etiam
855 272 870 287 in
878 272 942 288 Siimmn
950 273 1004 287 eontra

627 297 700 318 gentiles,
711 297 752 313 libro
764 299 826 317 quarto,
837 296 908 317 eupitulo
919 296 1004 312 nonodeci-

628 327 659 340 mo,
666 322 735 343 probans
743 322 803 337 ibidem
811 322 853 342 quod
861 321 903 337 Deus
911 321 932 337 sit
940 326 972 337 uon
980 325 1004 337 ιο-

628 347 661 362 1ιιιιι
670 347 796 367 intelligens‚sed
804 348 820 362 et
827 346 889 366 volens3
895 348 911 362 et
918 346 961 366 quod
970 346 1004 366 ipse

628 372 649 388 eit
658 376 687 387 sua
697 371 771 387 voluntas
781 376 845 392 semper
855 371 871 386 in
881 373 927 388 actu:
935 373 951 386 et
961 371 1003 391 quod

629 396 681 417 primo
691 401 709 412 ac
719 396 789 411 maxime
798 396 832 411 vult
841 400 858 411 se
868 395 927 416 ipsum,
936 395 1004 416 ideoque

628 421 649 437 sit
657 421 672 436 in
681 425 709 436 sua
719 420 802 436 voluntate
811 420 853 436 sicut
860 420 928 436 volitum
938 422 954 435 et
962 424 1004 435 amn-

629 447 663 461 tum
675 447 699 461 est
711 445 728 461 in
739 445 803 461 volente
815 447 830 460 et
841 444 923 460 voluntate
935 447 1003 460 amante.

224 469 305 489 significat
315 469 376 489 aliquid
386 469 483 487 absolutum,
491 471 515 484 est
525 469 600 484 essentia-
610 470 621 485 B
628 470 676 486 Pori-o
688 472 758 485 amatum
773 471 797 485 est
810 469 826 485 in
838 471 901 485 amante
916 469 1004 485 secundum

225 493 250 513 le;
259 495 328 513 tuncque
339 493 395 508 relatio
402 493 427 508 vel
437 493 489 508 exitus
499 493 599 513 importatus,

225 518 256 534 erit
266 517 331 534 rationis
341 519 408 536 tentum,
417 518 458 533 sicut
468 522 517 538 quum
528 517 599 533 dicitur:

225 542 268 558 ldem
280 542 332 558 eidem
345 542 393 558 idem.
406 542 445 558 Dum
459 546 496 558 vero
508 543 560 558 exitus
573 542 600 557 ille

225 567 326 587 significatur
333 571 364 583 non
373 569 434 582 tantum
443 569 460 582 ut
468 566 539 585 rstionis,
548 567 575 582 sed
583 568 601 582 ut

226 591 278 610 realis,
284 591 307 607 sie
314 596 360 607 amor
367 593 391 607 est
400 591 488 611 personale.
494 600 514 602 —
520 591 555 607 llaec
562 591 601 607 Tho

226 620 259 631 mas
270 616 286 632 in
298 616 366 636 Sei-ipio.

245 640 317 661 Denique
329 640 345 656 in
358 640 410 661 prime
423 642 467 660 parte
480 640 549 656 Summae
561 645 599 658 suin,

225 665 313 685 quastione
322 665 398 681 vicesima
408 665 482 685 septime,
491 665 600 685 respondendo

225 689 244 705 sd
255 689 359 710 quaestionem
370 694 402 709 qun
412 689 494 710 quaritur,
503 694 522 705 au
534 690 550 705 in
560 689 600 705 divi-

225 714 250 730 nis
258 714 279 730 sit
288 711 320 730 alia
330 714 410 734 processio
420 719 429 729 a
437 714 539 734 generatione
546 714 600 732 Verbi,

225 739 297 754 affirmet
305 744 308 754 :
317 739 334 754 ln
342 738 402 754 divinis
410 743 441 754 non
450 741 474 754 est
482 739 562 759 processio
570 738 600 754 uisi

629 495 670 515 qnod
681 497 744 510 amatur
753 499 757 510 :
765 499 818 510 ornare
828 496 881 510 autern
891 495 916 509 est
924 494 1004 514 quoddsm

628 519 675 538 velle,
684 519 757 540 velleque
765 519 791 535 Dei
799 521 823 535 est
831 519 866 539 ejus
873 523 913 534 esse.
922 518 960 534 Esse
968 523 1005 538 ergo

628 544 655 560 Dei
665 544 680 559 in
693 549 721 559 sua
732 544 813 560 voluntate
824 548 852 564 per
863 543 927 559 modum
939 543 1003 562 smoris,

629 573 660 584 non
673 571 697 584 est
709 573 743 584 esse
757 568 860 586 occidentale,
873 568 900 583 sed
913 568 1003 583 essentiale.

628 593 672 609 Unde
684 595 747 613 oportet
757 593 799 613 quod
810 593 851 608 Deus
862 592 950 608 secundnm
961 593 1004 613 quod

629 618 738 633 consideretur
746 619 762 632 ut
771 617 786 632 in
795 622 824 632 sua
832 617 913 633 voluntate
921 617 1004 635 exsistens,

629 642 650 658 sit
659 646 696 657 vere
706 644 722 657 et
732 641 859 657 substantialiter
869 641 915 657 oeus.
923 641 967 659 Quod
978 646 1006 657 ιιι-

629 669 661 682 ιειιι
669 666 730 687 aliquid
738 666 759 682 sit
770 666 785 682 in
794 666 875 682 voluntate
885 666 927 682 sicut
934 668 1005 681 amanum

629 691 645 707 in
658 693 727 709 amante,
740 691 813 707 ordinem
826 691 911 711 quemdam
925 690 974 706 habet
986 690 1005 706 ad

629 715 750 736 conceptionem
763 720 795 735 qua
807 715 827 731 ab
840 715 922 731 intellectu
935 715 1006 735 concipi-

629 743 660 759 tur,
678 742 726 760 atque
743 740 762 755 ad
781 744 814 755 rem
830 739 877 760 cujus
892 739 1006 755 intellectualis

225 763 313 779 secundum
323 763 403 779 actionem
410 763 429 778 ad
441 763 487 781 intra,
495 765 511 778 et
521 763 562 779 actio
572 763 601 778 istu
611 765 622 781 c
629 765 713 785 wneflpiio
720 764 780 780 dieitur
788 764 854 780 verbum
862 769 866 779 ς
874 768 905 780 non
913 764 956 780 emm
965 769 1006 780 mm.

226 788 242 804 in
251 788 355 803 intellectuali
363 790 419 803 natura
429 790 453 803 est
460 788 501 803 actio
511 788 601 803 intellectus

226 814 242 828 ct
248 812 340 828 voluntatis.
349 812 429 828 processio
437 812 490 833 itaquo
498 812 544 828 Verbi
553 815 602 828 atten-

226 837 270 853 ditui·
279 837 367 853 secundum
377 837 456 853 actionem
467 837 601 857 intellectualem3

227 861 307 882 processio
317 864 370 877 autern
382 861 446 880 amoris,
455 862 543 877 secundum
555 862 602 877 actim

226 891 263 902 nem
271 887 357 902 voluntatis
365 891 397 907 quo
404 891 449 902 emor
456 891 466 902 o
473 886 555 902 voluntate
562 891 602 902 oma—

226 913 253 927 ιιιι
260 916 263 927 :
269 911 356 927 secundum
365 915 413 931 quem
421 915 491 926 amorem
499 913 570 926 amatum
578 913 602 927 est

226 936 242 951 in
250 937 317 951 amante.
325 944 345 947 —
352 935 388 951 Hac
395 935 460 951 demum
471 936 551 956 processio
561 940 602 951 nmo-

227 960 248 976 ris
261 965 292 976 non
306 962 357 980 potest
369 960 450 980 generatio
462 960 547 980 appellari.
556 960 602 976 lntel-

226 985 277 1000 lectus
284 984 344 1000 etenim
353 984 372 1000 fit
379 985 395 1000 in
405 987 442 1000 actu
450 989 478 1005 por
487 985 516 1000 hoc
526 985 568 1005 quod
577 990 601 1000 res

227 1009 313 1027 intellecta,
324 1014 353 1029 per
361 1014 406 1025 suam
417 1009 539 1025 similitudinem
551 1011 574 1025 eet
585 1009 600 1025 in

227 1034 319 1054 intellectu;
327 1034 400 1050 voluntas
412 1038 450 1049 vero
460 1034 475 1049 in
487 1036 523 1049 actu
534 1036 559 1049 est
570 1038 601 1050 non

630 792 673 805 retur
681 794 711 807 res,
720 789 750 805 nisi
762 789 816 809 aliquo
826 789 873 805 modo
883 789 1005 810 conciperetur:

629 819 659 830 nec
671 814 722 830 solum
734 814 782 829 amati
794 813 863 834 cognitio
874 815 942 832 amatur,
951 814 978 829 sed
990 816 1005 829 et

629 841 699 854 amatum
708 838 796 854 secundum
804 838 846 859 quod
858 838 874 854 in
882 843 899 854 se
907 838 967 854 honum
975 841 1005 854 est.

629 863 695 879 Neeosse
705 865 728 878 est
738 867 775 883 ergo
784 863 826 883 quod
837 867 881 879 amor
889 867 922 883 quo
931 863 973 879 Deus
982 865 1007 879 est

630 888 645 903 in
653 887 735 904 voluntate
742 888 797 903 divina
804 887 845 903 sicut
853 889 920 903 amatum
929 887 946 903 in
953 892 1006 903 aman-

630 915 650 930 ιε,
661 914 693 928 torn
706 917 715 928 a
727 912 779 928 Verbo
791 912 824 931 Dei,
834 917 882 932 quarn
894 917 904 927 u
916 912 947 928 Deo
959 912 1006 932 cujus

629 939 653 953 est
661 937 736 955 Verbumy
745 937 825 957 procedat.
834 936 886 954 Ouum
894 938 948 952 autem
955 939 1007 953 osten-

630 966 664 977 sum
675 961 747 981 sit-quod
758 963 829 976 amatum
840 961 855 976 in
867 963 930 976 amanto
942 965 974 977 non
986 961 1006 977 sit

630 986 717 1001 secundum
728 985 850 1001 similitudinem
861 985 919 1005 speciei
931 985 974 1001 sicut
983 986 1006 1001 in-

630 1010 711 1026 tellectum
724 1010 740 1025 in
753 1010 861 1030 intelligente;
875 1011 891 1025 et
903 1014 950 1025 omne
963 1010 1005 1030 quod

630 1035 701 1055 procedit
711 1034 731 1050 ab
742 1034 773 1050 alio
783 1034 871 1050 secundum
882 1034 1004 1050 similitudinem

228 1063 257 1079 per
266 1058 296 1074 hoc
307 1059 348 1079 quod
359 1058 448 1074 similitudo
457 1058 502 1074 voliti
513 1060 537 1074 est
548 1059 564 1074 in
575 1063 603 1074 vo-
610 1059 622 1075 D
630 1059 695 1080 speciei,
701 1059 776 1080 procedat
784 1061 801 1074 ut
807 1058 955 1079 genitumteonstat
962 1060 1004 1080 quod

228 1083 276 1102 lente,
284 1083 311 1099 sed
319 1088 338 1099 ex
346 1083 376 1099 hoc
384 1083 426 1103 quod
435 1083 508 1099 voluntas
516 1083 603 1099 inclinatur

228 1110 244 1124 et
255 1106 305 1123 tendit
316 1108 331 1123 in
343 1107 416 1123 volitum*
425 1107 505 1123 Processit>
514 1108 568 1128 itaquo
579 1108 602 1123 in-

227 1132 300 1148 tellectus
310 1134 333 1148 est
343 1132 431 1148 secundum
441 1132 517 1148 rationem
528 1132 602 1148 similitu-

227 1157 269 1173 dinis
278 1161 281 1173 :
291 1157 326 1172 ideo
333 1156 408 1172 convenit
414 1156 429 1172 ei
440 1157 480 1172 ι-ιιίο
488 1157 601 1177 generationis,

227 1181 303 1202 quoniam
312 1186 390 1202 generans
399 1181 450 1201 gignit
459 1181 512 1197 simite
521 1181 558 1197 sibi.
567 1181 603 1197 Pro-

226 1206 278 1222 cessio
288 1210 326 1221 vero
336 1205 423 1221 voluntatis
436 1210 467 1221 non
478 1208 502 1221 oet
513 1206 601 1221 seeundum

227 1231 304 1246 rationem
316 1229 432 1249 similitudinis,
440 1230 467 1245 sed
481 1230 533 1250 potius
546 1230 602 1251 impel-

227 1255 279 1274 lentis,
289 1255 368 1270 tendentis
376 1254 410 1270 sive
420 1254 499 1270 moventis
510 1254 525 1270 in
534 1254 600 1275 aliquid.

226 1280 262 1295 ideo
269 1279 311 1300 quod
323 1279 394 1300 procedit
404 1278 420 1294 in
431 1278 490 1294 divinis
500 1283 529 1299 per
536 1279 602 1295 modum

226 1304 285 1320 amoris
292 1305 308 1320 et
315 1304 404 1320 secundum
411 1305 465 1319 actum
473 1303 565 1322 voluntatis,
570 1308 601 1320 non

227 1329 299 1349 procedit
309 1330 326 1344 ιιι
336 1328 390 1347 Filius,
399 1333 450 1349 neque
461 1330 478 1344 ut
487 1328 566 1349 genitum,
574 1329 601 1344 sed

630 1084 710 1104 processio
718 1084 740 1099 rei
748 1084 767 1099 nd
779 1083 808 1099 hoe
817 1083 859 1103 quod
870 1083 891 1098 sit
899 1083 915 1098 in
923 1084 1005 1099 volunt-ate

629 1108 671 1124 sicut
681 1110 752 1123 amatum
762 1110 786 1123 est
797 1108 812 1123 in
823 1109 892 1126 amente,
903 1112 933 1123 non
946 1108 967 1123 sit
978 1113 1006 1128 per

630 1133 695 1148 modum
707 1132 820 1153 generationis,
832 1132 873 1147 sicui
886 1136 970 1152 processus
983 1132 1005 1148 rei

630 1157 649 1173 ud
657 1157 687 1173 hoc
695 1157 737 1177 quod
747 1157 768 1172 sit
776 1157 791 1172 in
803 1156 890 1175 intellectu,
897 1157 1006 1177 generationis

630 1181 691 1197 obtinet
707 1181 790 1197 rationem.
805 1181 845 1197 Hinc
859 1181 901 1197 Deus
917 1181 1005 1201 procedens

630 1210 659 1226 pei-
667 1206 731 1221 modum
740 1205 804 1224 amoris,
813 1210 844 1221 nun
852 1208 876 1221 est
883 1207 968 1226 generatus
976 1211 1005 1222 nec

630 1230 680 1246 filius.
688 1230 718 1246 Sed
726 1230 764 1250 quia
774 1232 844 1246 amatum
854 1230 870 1245 iu
879 1230 961 1246 voluntate
968 1235 1005 1246 eon—

630 1255 672 1271 sistit
683 1257 701 1270 ιιι
712 1255 791 1270 inclinans
802 1256 818 1270 ει
829 1254 874 1275 quasi
886 1254 971 1275 impellens
982 1255 1005 1270 in—

630 1280 708 1295 trinsecus
718 1282 798 1295 amantem
810 1279 825 1294 in
837 1281 917 1297 amatum:
926 1279 1005 1299 impulsus

629 1306 681 1320 autem
694 1304 716 1320 roi
729 1304 797 1320 viventis
809 1303 829 1319 ob
841 1303 913 1319 interiori
926 1304 945 1319 ud
958 1304 1004 1324 spiri-

630 1330 663 1344 tum
675 1329 744 1349 pertinet
754 1333 758 1344 ι
768 1328 844 1344 convenit
854 1328 886 1344 Deo
898 1333 928 1349 per
938 1328 1002 1344 modum
