1088 1569
215 121 244 138 260

382 126 397 137 ιΝ
408 126 463 137 clanim
473 126 478 138 ι
489 126 610 137 summanum
623 130 641 133 —
652 126 691 137 nts'r.
702 126 730 142 1113
741 126 798 140 Quasr.
809 126 825 137 11

215 170 283 189 partem,
298 173 327 184 nec
342 169 424 184 concernit
438 170 498 184 certam
511 168 588 189 temporis
596 168 609 183 Α
618 168 654 184 bilis
663 173 667 184 :
675 170 691 184 et
698 170 722 184 est
729 168 813 184 thesaurus
821 173 839 184 ac
847 168 893 184 theca
902 168 991 184 sennarum

214 193 329 212 differentiam,
337 194 364 209 sed
375 193 486 209 indifferenter
493 195 517 209 est
525 195 589 213 prator-

214 218 279 237 itorum,
288 218 390 238 praesentium
398 220 414 234 et
426 218 521 234 futurorum.
530 218 588 233 Verum

214 247 234 258 an
247 242 354 263 distinguatur
366 243 386 258 ab
394 242 475 258 intellectu
488 242 557 261 realiter,
568 247 588 258 an

214 267 302 283 secundum
314 267 388 283 officium
401 269 468 286 tantum,
480 267 522 283 iufra
536 267 589 283 discu-

214 292 268 307 fletur,

234 316 273 332 Hinc
286 317 352 332 Petrus:
362 316 441 336 Memoria,
451 317 509 337 inquit,
522 317 589 337 ‹inplici-

214 343 238 357 ter
247 341 316 357 sumitur
325 346 328 357 :
341 342 398 362 primo,
408 346 436 362 pro
447 341 518 362 potentia
528 341 588 362 specie-

214 370 249 381 rum
260 366 360 382 sensibilium
372 366 487 384 conservativa,
500 370 536 386 quae
549 366 588 381 reci—

215 390 281 410 piuntur
293 391 309 406 in
324 391 394 411 potentia
406 395 465 411 organo
478 390 551 411 alligata;
564 395 588 406 se-

214 415 272 434 cundo,
281 420 310 436 pro
318 415 333 431 vi
342 416 452 431 conservativa
462 415 587 435 intelligibilium

214 440 303 460 specierum
312 445 315 456 :
324 442 340 456 et
350 440 379 456 hoc
389 440 480 461 dupliciter*
492 440 524 456 Uno
534 440 587 458 modo,

616 193 723 212 sensibilium,
736 193 824 209 secundum
835 193 938 209 Avicennam,
946 193 992 208 Unde

616 218 672 233 asserit
690 218 795 234 Damascenus
812 222 815 233 :
831 217 950 233 Memorativum
967 219 992 233 est

616 243 697 258 memoriae
708 244 724 258 et
737 242 874 258 rememorationis
884 242 991 263 promptuari-

616 272 652 287 um;
661 267 738 283 memoria
745 272 783 283 vero
793 270 817 283 est
825 267 908 288 phantasia
915 267 991 283 derelicta

615 292 636 307 ab
648 292 702 312 aliquo
715 297 762 308 sensu
775 292 863 308 secundum
876 294 929 308 actum
941 296 991 312 appa-

616 316 713 332 rente'.Alia
720 319 744 332 est
752 317 829 332 memoria
837 321 873 337 pars
881 316 938 332 animm
946 316 991 332 intel·
997 321 1071 349 μιαί-ψ

616 341 693 359 lectualis,
704 346 740 362 quae
750 343 774 357 est
786 341 885 357 coacervatio
897 341 991 361 intelligibi-

616 366 654 381 lium
667 366 762 386 specierum⁴
774 366 793 382 Et
801 368 825 382 est
832 366 891 387 duplex
900 371 903 381 :
917 371 949 382 una
959 366 990 381 sub

616 390 676 406 ratione
687 391 762 411 proeteriti
770 395 774 410 ;
782 391 832 406 altera
842 395 879 409 non,
887 390 915 406 sed
926 390 991 406 indiffe-

616 417 670 430 renter
681 415 762 435 praeteriti,
771 415 854 436 praesentis
864 417 879 430 et
889 415 950 435 tuturi3
960 420 991 431 noc

615 439 659 455 aliud
671 442 695 455 est
707 444 755 460 quam
769 439 839 460 potentia
850 439 923 455 notitiam
935 440 957 455 rei
968 442 992 455 te-

214 466 231 480 ut
243 466 267 480 est
279 465 387 480 conservativa
398 465 487 485 specierum
504 464 588 485 acquisita·
597 464 609 481 Β
616 468 655 479 nens
666 464 708 484 apud
718 469 735 480 se
744 464 780 480 sine
789 464 867 485 temporis
878 464 992 480 consideratio-

214 494 255 508 rum,
270 494 306 509 quaa
322 489 422 509 recipiuntur
436 489 452 505 in
466 491 511 510 parte
525 489 588 505 intolle-

213 514 260 529 ctiva.
276 514 311 530 Alio
330 514 382 532 modo,
401 516 418 529 ut
435 516 459 530 est
478 514 588 530 conservative

213 538 302 559 specierum
315 539 406 554 innatarum
416 538 498 559 (videlicet
511 538 588 554 naturalis

213 563 323 579 similitudinis
331 563 364 579 veri
373 565 388 579 ct
397 563 446 583 boni),
455 568 490 584 quie
500 565 588 579 concreatas

213 590 250 603 sunt
262 588 324 604 animae.
334 588 409 604 Memoria
422 588 474 608 primo
486 588 532 604 modo
545 593 588 603 sum-

213 614 245 633 pta,
258 612 331 633 sequitur
343 615 412 633 tempus,
426 615 441 628 et
453 613 536 628 concernit
548 617 588 633 pra.L

213 637 283 653 teritum.
292 637 364 653 Secunda
372 638 475 658 consequitur
483 639 551 658 tempus,
560 637 587 652 sed

214 666 244 677 non
260 662 347 678 concernit,
360 662 400 678 Hinc
414 662 502 678 secundum
514 662 588 682 Augusti-

213 691 252 702 num
260 686 302 702 libro
312 687 331 702 de
339 686 421 705 'trit-nate,
430 687 464 707 ipsa
474 689 498 702 est
509 691 540 702 non
553 689 587 702 tan-

213 713 247 726 tum
260 711 381 731 prateritorum,
393 711 421 726 sed
434 711 536 731 praesentium
548 715 587 731 quo-

212 740 243 756 que
259 738 275 751 ot
288 735 384 751 futurorum.
400 735 452 751 Tertia
467 740 498 751 non
514 735 587 755 sequitur

616 493 641 504 ne.
650 488 676 504 Est
684 491 736 504 autem
745 489 818 509 quasdam
826 489 903 504 memoria
912 489 992 509 acquisita

616 518 645 533 per
654 513 730 532 studium,
744 513 853 529 inventionem
865 515 881 529 et
893 513 991 532 doctrinam;

616 538 688 558 quiedam
701 542 738 554 vero
749 538 768 553 de
780 538 812 553 illis
824 542 893 558 quorum
905 538 990 554 scientiam

615 567 635 578 ex
645 564 702 578 natura
711 562 795 581 babemus,
804 565 821 578 ut
831 562 915 578 habituum
926 565 991 578 natura-

616 587 660 602 lium.
672 587 708 603 tim
718 587 798 603 Albertus.

635 611 658 627 Ad
666 612 728 627 tertiam
737 616 801 632 quoque
809 614 852 632 patet
859 612 918 628 solutio
925 617 944 628 cx
952 617 992 632 prae-

615 636 667 652 dictis.
681 645 699 648 -
712 637 735 652 Ad
745 639 819 657 quartam
831 636 954 658 respondebitur
966 637 991 652 in-

615 660 645 679 fra,
660 661 736 681 quoniam
751 661 838 682 specialem
854 661 904 682 tangit
919 661 991 677 difficul-

615 687 669 701 tatem.
685 695 705 697 —
717 686 739 701 Ad
754 686 828 706 quintam
841 686 932 704 dicendum,
946 686 991 706 quod

615 710 688 726 voluntas
704 715 734 726 non
749 713 802 726 movet
814 711 845 726 nisi
857 715 876 726 ex
890 711 949 731 pravis
962 715 992 731 ap-

615 735 721 755 prehensione
734 735 830 754 intellectus,
838 735 866 756 qui
877 735 954 751 voluntati
965 740 991 751 o&

212 762 281 781 tempus,
294 765 346 781 neque
358 760 445 776 concernit.
457 760 508 775 Prima
521 764 552 776 non
563 762 587 776 est
596 759 607 775 C
615 760 666 775 tondit
679 764 726 775 suum
740 760 827 780 objectum,
840 765 891 780 quum
902 760 991 776 voluntatis

212 790 249 806 para
258 785 344 805 imaginis;
355 785 425 801 secunda
434 785 489 805 aliquo
500 785 547 801 modo
556 787 586 804 est,

211 809 239 825 sed
247 809 344 830 improprie3
355 810 407 828 tertia,
416 809 486 830 proprie.
495 818 515 821 —
523 809 587 825 Prmter-

211 839 230 850 ea
241 834 324 855 quaeritur,
337 839 366 850 eur
378 834 397 850 (le
411 834 487 850 memoria
501 834 550 855 partis
563 834 587 850 in-

211 859 296 875 tellectivoe
313 863 344 875 non
362 861 470 875 tractaverunt
488 859 586 879 philosophi.

212 884 322 904 Respondetur
339 884 381 904 quod
398 884 422 899 vel
441 883 481 902 ideo,
499 883 537 904 quia
555 888 586 899 non

212 910 309 929 putaverunt
316 908 378 929 species
388 908 497 928 intelligibiles
505 913 587 924 remanere

213 933 228 948 in
237 935 282 953 parvo
290 933 400 951 intellectuali,
408 933 466 951 actuali
480 933 587 949 intellectione

212 959 290 976 cessante,
303 960 320 973 ut
332 957 413 973 Avicenna
424 957 474 978 (quod
487 957 545 973 falsum
557 959 586 976 est,

212 982 250 1002 quia
259 982 282 998 sic
293 982 338 997 nulla
348 984 418 998 maneret
428 982 498 1002 cognitio
508 982 524 997 in
534 982 588 998 anima

212 1007 299 1027 separata);
308 1007 332 1022 vel
343 1006 419 1027 quoniam
430 1006 528 1022 intellectum
536 1012 546 1022 a
555 1012 588 1022 rne-

212 1031 264 1047 moria
276 1036 307 1047 non
320 1031 432 1050 distinxerunt,
441 1031 463 1047 ita
473 1032 515 1052 quod
525 1032 587 1052 species

614 784 695 805 objectum
710 785 731 800 sit
745 785 804 800 bonum
819 785 923 804 intellectum,
937 785 952 801 id
966 787 992 801 est

615 809 744 825 intellectualiter
751 809 838 830 cognitum.
845 809 913 825 Thomas
920 814 958 826 vero
966 814 992 825 re-

614 834 687 854 spondet,
696 834 739 854 quod
750 834 791 849 sicut
802 834 818 850 in
829 834 890 850 artibus
902 839 927 850 ars
938 834 992 850 consi-

614 858 671 874 derans
683 858 733 874 finem
748 860 801 874 movet
816 861 832 874 et
847 859 915 879 imperat
928 859 991 875 artibus

614 883 753 898 considerantibus
771 883 829 902 media,
842 884 865 899 sic
878 883 951 899 voluntas
967 888 992 899 re-

614 907 684 928 spiciens
694 907 744 923 finem
755 910 807 923 movet
817 908 857 924 alias
868 908 910 924 vires
919 913 955 929 quae
965 913 992 924 or-

614 932 690 948 dinantur
700 932 720 948 ad
733 932 788 951 finem,
801 935 817 948 et
830 933 898 953 imperat
909 933 933 948 uis
944 935 991 949 actus

614 961 675 972 earum.
689 957 732 973 Unde
747 957 821 978 quamvis
835 957 856 973 sit
869 958 913 978 prior
925 958 941 973 in
956 962 992 973 rno-

614 981 671 1000 vendo,
681 986 712 997 non
720 983 773 997 tamen
781 982 855 1002 sequitur
862 982 904 1002 quod
914 982 935 997 sit
945 982 992 1002 prior

615 1006 631 1022 in
646 1011 681 1022 esse
695 1011 698 1021 z
711 1006 754 1022 sicut
770 1008 786 1022 et
800 1006 838 1022 finis
853 1008 877 1022 est
891 1006 957 1022 ultimus
973 1006 990 1022 in

614 1035 654 1050 esse,
670 1033 685 1046 et
700 1032 752 1047 tamen
768 1033 821 1047 movet
833 1031 937 1047 efficientem.
953 1031 991 1047 Haec

213 1056 284 1077 recipere
292 1058 307 1071 et
315 1060 409 1072 conservare
416 1056 435 1071 ad
444 1056 515 1072 eamdem
527 1058 588 1077 spectet
596 1057 608 1072 D
615 1055 688 1071 Thomas.

213 1081 300 1101 potentiam
313 1081 329 1096 in
341 1083 386 1101 parte
398 1080 500 1096 intellectiva⁴
514 1080 549 1096 Ham
561 1081 588 1096 Pe-

212 1107 252 1121 trus.
261 1114 281 1117 —
290 1105 337 1121 Porro
347 1105 415 1121 Thomas
425 1105 470 1125 ponit
479 1105 541 1121 tertiam
553 1105 588 1121 rati·

212 1134 259 1146 onem
272 1134 275 1145 :
288 1130 326 1150 quia
341 1129 432 1150 philosophi
447 1130 588 1146 consideraverunt

213 1155 292 1175 potentias
304 1155 340 1170 illas
352 1155 435 1170 dumtaxat
446 1159 482 1175 quie
493 1154 588 1170 ordinantur

213 1179 232 1195 ad
239 1179 310 1200 aliquem
317 1181 381 1199 actum3
392 1179 419 1195 sed
430 1179 460 1194 ista
468 1179 545 1195 memoria
555 1184 587 1195 non

213 1204 261 1220 babet
272 1203 302 1219 nisi
315 1206 369 1219 tenere
379 1203 440 1224 species
451 1206 548 1219 concreatas.
559 1204 588 1219 ch

213 1233 249 1244 rum
259 1228 328 1249 qualitor
336 1228 365 1244 boe
375 1233 469 1249 responsum
477 1228 540 1244 Thomoe
551 1233 588 1244 con-

212 1255 258 1269 sonet
265 1253 290 1269 hia
298 1258 333 1273 qum
341 1253 379 1268 alibi
387 1253 449 1271 scribit,
458 1253 500 1268 inira
507 1255 586 1273 tangetur.

233 1278 260 1294 His
267 1278 315 1294 etiam
323 1279 400 1293 consonat
407 1278 449 1298 quod
458 1277 499 1293 libro
506 1278 526 1293 de
533 1277 553 1293 lV
560 1277 588 1293 Co-

213 1303 287 1323 aequaevis
305 1302 362 1318 scribit
378 1302 453 1318 Albertus
468 1307 472 1318 :
488 1302 549 1323 Duplex
564 1304 588 1318 cst

214 1327 296 1343 memoria.
305 1327 338 1343 Una
348 1332 383 1347 quaa
393 1329 417 1343 cst
425 1332 461 1347 pars
471 1327 529 1343 animm
538 1327 588 1343 sensi-

719 1135 838 1153 QUAESTIO
856 1136 883 1151 IX

649 1203 682 1220 Ono
687 1203 804 1224 quoeritur,A.n
808 1204 924 1221 intellectus
928 1208 992 1224 889118

656 1229 757 1248 pertinent
767 1229 792 1245 ad
802 1229 916 1248 imaginem.

635 1253 700 1268 Videtur
712 1253 754 1273 quod
766 1253 795 1269 aic.
806 1253 864 1272 Primo,
877 1253 916 1274 quia
928 1254 992 1270 intelle—-

615 1280 650 1293 ctus
664 1282 712 1298 agens
726 1280 750 1293 est
765 1278 838 1298 possibili
853 1278 935 1294 intellectu
950 1283 993 1299 pra.L

615 1302 687 1321 stantior,
703 1304 720 1318 ut
734 1302 781 1318 tertio
794 1303 814 1318 de
826 1303 883 1319 Anima
895 1305 943 1324 patet.
959 1303 992 1319 Sed

617 1327 698 1348 possibilis
710 1329 734 1343 cat
747 1331 784 1347 pars
797 1327 877 1348 imaginis,
890 1330 907 1344 ut
920 1328 971 1349 patuit
987 1333 991 1345 :
