1088 1569
212 120 241 137 ¹60

382 125 398 136 IN
409 124 464 137 ιΙΒΙΠΙ
475 125 481 136 1
491 124 613 136 ΕΜΤΙΔΒΙῚΙ-
624 129 645 131 -
655 124 693 136 111βῖ-
705 124 727 140 112
738 124 795 138 Qum<
807 124 818 136 ΙΙ

210 167 248 183 dum
263 167 328 183 modum
341 172 373 188 quo
387 167 435 183 babet
446 172 481 183 esse
495 167 512 183 in
524 172 547 183 se.
559 166 675 183 lhtAriiicari
690 167 706 182 in
721 167 752 183 Deo
766 169 782 183 et
796 166 873 183 attributa
886 166 946 182 divina.
959 166 991 183 Sed

209 194 263 208 tamen
276 192 292 208 iu
304 197 323 208 ea
338 192 429 210 multitudo.
442 192 458 208 in
471 194 549 212 quantum
562 192 587 207 in-

210 216 283 232 tellectus
297 217 340 232 circa
355 217 406 237 ipsam
421 216 514 237 negotiatur,
529 216 586 232 distin-

210 241 273 261 guendo
288 246 337 262 penes
351 246 368 257 se
380 246 416 262 quoe
428 243 465 257 sunt
479 241 549 257 adunata
561 241 586 256 vel

211 271 261 282 unum
272 266 288 282 in
299 266 334 287 ipsa
342 266 416 282 essentia.
425 265 457 282 Hoc
465 266 525 287 quippe
536 268 560 282 eet
567 266 587 281 de

212 290 309 311 perfectione
319 291 396 309 essentia),
405 291 447 311 quod
458 291 474 306 in
486 295 514 306 aua
525 290 587 311 simpli-

211 315 259 331 citate
268 316 355 331 secundum
366 320 401 331 esse
410 315 490 332 contineat
502 315 548 336 plura
558 320 587 336 per

211 339 309 356 intellectum
320 340 436 361 distinguenda.
444 340 494 356 Aliter
501 340 543 356 enim
554 344 585 356 non

211 366 252 380 esset
262 365 278 380 in
288 364 321 380 sine
331 365 379 380 totius
391 364 499 385 perfectionis,
507 364 538 380 nisi
549 364 587 380 siin-

212 389 275 410 pliciter
287 389 393 410 perfectiones
408 389 442 405 sola
455 389 548 410 operatione
563 389 587 404 in-

211 414 284 430 tellectus
293 414 381 430 secundum
388 418 406 430 ιο
413 414 473 434 ubsque
479 414 523 430 omni
534 418 587 435 respe-

211 440 236 454 ctu
245 439 264 454 ad
272 440 352 455 creaturas
363 439 482 459 distinguendas
491 439 585 458 contineret,

614 194 700 207 sumuntur
711 196 767 207 omnes
781 194 863 212 respectus
875 191 990 207 attributorum

614 216 697 232 veri-sime
704 216 724 232 ad
732 216 779 235 intra.
788 216 804 232 in
812 218 889 237 quantum
899 216 991 232 intellectus

614 241 677 257 divinus
685 241 777 262 concipiens
785 241 855 257 divinam
862 241 992 260 essentiam,eon·

615 266 655 286 cipit
665 271 682 282 se
692 266 745 287 ipsum
755 268 771 282 et
780 266 834 282 omnia
845 266 949 286 concipienda
959 266 992 282 cii-

615 295 633 306 ca
647 291 705 311 ipsam,
720 293 738 306 ut
752 293 808 307 mutuo
822 295 840 306 se
854 290 923 306 invicem
938 290 990 311 respi-

614 315 673 331 cientia
683 315 699 331 in
709 315 807 336 perficiendo
818 315 880 331 divinae
889 315 991 336 operationes

614 340 702 356 secundum
714 340 812 356 intellectum
822 342 838 356 ot
848 340 946 356 voluntat-em
958 344 961 356 :
973 340 990 355 iu

615 365 674 385 quibus
681 365 766 384 aternius,
774 365 864 383 actualitas,
871 364 953 386 periectio,
962 369 991 380 no-

615 389 668 405 bilitas
680 391 695 405 et
707 389 788 405 beatitudo
800 389 878 408 consistit,
888 391 906 405 ut
916 389 991 405 determi-

615 416 642 429 nat
652 414 757 435 Philosophus
767 414 782 429 in
792 414 887 430 duodecimo
896 413 991 434 Metapbysi-

614 443 642 454 cut.
650 439 673 454 Ita
682 439 725 459 quod
733 439 786 459 qualis
794 440 818 454 eet
826 439 842 454 in
851 438 882 454 Deo
892 438 991 459 comparatio

211 465 227 479 et
238 463 254 479 in
266 463 300 484 ipeo
311 463 393 479 intellectu
403 465 421 479 ut
431 463 521 479 intellectus
532 465 562 482 est,
571 465 587 479 et
596 463 607 479 B
614 465 716 483 respect-uum
723 465 739 479 et
749 463 844 479 relationum
855 463 921 479 realium
932 463 952 478 ad
961 467 991 478 sua

211 488 228 504 iu
237 488 271 508 ipsa
279 493 296 504 re
303 490 321 504 ut
328 488 370 504 cadit
378 488 408 504 sub
415 488 474 504 actuali
484 488 587 508 perceptione

212 513 307 532 intellectus,
312 517 343 529 non
351 512 430 534 simplicis
439 512 554 533 intelligentia,
559 513 586 528 sed

211 538 256 558 quaei
271 538 382 558 componentia
397 542 415 553 ac
430 537 515 553 dividentis
530 542 534 553 :
549 537 587 553 licet

211 562 241 578 hoc
251 562 299 578 sociat
309 562 399 578 intellectus
410 562 474 578 divinus
485 566 517 578 uno
527 562 586 578 iutuitu

210 587 286 607 simplici,
295 591 327 607 quo
336 589 387 603 toturn
397 586 462 607 pelagus
473 586 557 602 infinitatis
565 587 587 602 di·

211 611 252 627 vinna
266 611 339 627 eesentioe
353 611 480 632 comprehendit.
494 611 528 627 Non
542 611 586 627 enim

211 638 234 652 est
244 640 342 657 componens
350 638 367 651 et
376 636 454 652 dividens.
463 635 482 651 Et
492 640 524 652 non
534 636 586 652 solum

211 661 282 681 concipit
292 660 383 681 hujusmodi
395 660 503 681 pluralitatem
512 661 555 677 eirca
564 665 587 676 ee-

210 685 278 701 sentiam
291 690 336 700 suurn
348 685 438 701 intellectus
451 685 520 704 divinus,
531 685 558 701 sed
571 687 586 701 et

207 710 279 730 quilibet
291 710 381 726 intellectus
394 709 449 726 beatus
461 714 465 725 :
477 710 550 730 quamvis
562 710 587 726 in-

211 734 289 750 finitatem
303 734 355 755 pelagi
370 734 413 750 illius
428 734 482 750 nullus
495 734 586 750 intellectus

614 488 754 508 cor-respondentia
769 492 801 504 non
816 487 846 503 nisi
860 488 880 503 ad
893 487 940 506 intra,
953 487 990 503 talis

614 514 638 528 est
652 512 750 533 comparatio
765 514 867 533 respectuum
882 516 910 528 seu
925 511 990 528 relatio—

614 542 653 552 num
666 537 767 553 rationalium
780 537 799 552 ad
811 541 840 552 sua
850 537 991 557 coi-respondentia

614 566 645 577 non
658 561 688 577 nisi
700 562 719 577 ad
731 562 772 577 intra
783 566 787 577 ε
798 563 816 577 ιιι
826 566 857 577 uon
869 561 890 577 eit
900 561 965 580 mirum,
976 561 990 577 si

614 586 630 602 in
640 586 672 602 Deo
681 586 702 602 sit
711 591 741 607 per
748 588 828 607 reapectus
839 586 889 602 malea
898 588 963 602 mutuos
973 586 990 601 iu

614 611 668 627 divina
680 611 748 627 essentia
760 611 821 631 absque
832 613 905 631 respectu
915 611 935 626 ad
945 612 991 627 extra

614 636 661 651 realis
673 636 760 655 distinctio,
773 636 815 656 quod
827 635 875 651 etiam
890 636 911 651 sit
923 635 939 651 in
955 635 990 656 ipsa

614 665 643 681 per
657 662 738 681 respectus
754 662 817 676 mutuos
835 660 919 676 rationales
933 660 990 676 dist-in-

614 685 646 701 ctio
658 685 745 703 rationalis,
756 685 790 701 aive
802 685 890 701 secundum
904 685 989 703 rationem,

614 709 649 725 aine
659 712 732 730 respectu
742 710 762 726 ad
773 712 823 725 extra.

633 734 653 750 Et
662 735 684 750 sic
694 734 815 755 distinguuntur
825 734 902 750 attributa
913 738 942 755 per
952 738 990 750 suos

211 759 267 775 finitus
278 759 350 780 attingat,
365 759 386 775 ita
399 761 416 775 ut
428 759 469 775 (orte
482 759 553 780 quadam
566 764 585 775 ex
593 760 604 776 G
614 761 695 780 respectus
710 759 801 778 rationales,
814 759 872 779 quibus
884 761 942 775 cuncta
954 763 990 779 qua

210 784 269 800 divinis
285 783 410 805 perfectionibus
424 783 484 800 lateant
498 789 540 803 eum,
556 788 585 800 nec

211 808 239 824 ulli
252 811 328 825 creatura
340 808 482 824 communicabiles
495 808 532 824 sint.
546 808 586 824 Sunt

210 838 247 853 ergo
256 833 324 849 rationes
335 833 388 854 plures
398 833 512 849 attributorum
521 833 537 848 in
545 833 586 849 divi-

211 863 231 874 na
241 858 310 874 essentia
322 858 357 874 aine
368 860 442 878 respectu
454 858 473 873 ad
484 860 542 877 creata,
554 862 585 874 non

210 884 263 898 tamen
275 883 309 898 aine
320 884 393 903 respectu
403 882 474 898 omnino.

230 907 253 923 Ad
266 907 352 923 videndum
364 909 417 923 autem
430 907 499 927 qualiter
510 907 548 923 dicti
563 912 586 922 re-

210 934 274 953 spectus
284 932 389 952 accipiantur.
397 932 480 948 sciendum
491 932 533 952 quod
543 931 585 952 lorge

210 957 288 973 sumendo
297 958 384 977 respectus,
392 961 421 977 per
430 956 523 972 relationem
533 956 553 972 ad
564 961 586 972 re-

210 984 274 1002 spectus
284 981 343 1002 quibus
353 981 414 1002 aliquid
424 981 483 997 (licitur
493 981 558 997 relative
566 981 585 997 ad

209 1006 259 1025 aliud,
269 1008 285 1022 et
296 1006 355 1026 quibua
367 1006 389 1021 ita
400 1010 432 1022 non
442 1005 501 1021 dicitur
509 1007 585 1026 (quorum

210 1030 318 1047 differentiam
332 1030 371 1046 alibi
385 1030 501 1051 exposuimus),
517 1030 533 1045 in
548 1030 585 1050 Deo,

614 784 630 800 in
643 783 674 800 Deo
688 784 768 804 pertinent
782 784 801 799 ad
815 783 919 803 intellectum,
933 786 990 800 mutuo

613 813 648 825 sese
658 808 746 829 respiciunt
753 813 772 824 ex
783 808 832 824 latere
840 813 880 828 uno;
889 810 904 824 et
914 808 990 824 similiter

613 838 648 854 quae
662 833 743 854 pertinent
757 833 776 849 ad
789 833 892 852 voluntatem,
905 838 924 849 ex
939 833 990 849 latere

613 858 663 874 altem
671 862 675 873 :
684 860 699 873 et
709 858 739 874 hoc
749 858 765 873 in
776 859 853 878 quantum
863 857 917 873 omnio
926 860 942 873 et
952 862 989 878 qun

614 882 694 904 pertinent
700 883 720 898 ad
728 882 833 900 intellectum,
841 884 857 897 et
864 887 900 903 qun
908 882 990 903 pertinent

613 908 632 923 ad
642 908 746 925 voluntatem.
754 909 770 923 et
781 907 849 928 ipsemet
858 907 955 926 intellectus,
963 912 990 923 ca—

613 932 654 948 dunt
665 931 695 947 sub
707 932 834 952 apprehensione
849 931 945 948 intellectus.
959 932 988 950 Oui

612 957 638 977 (ut
650 956 718 977 dictum)
731 956 801 977 simplici
816 956 921 977 intelligentia
936 957 989 977 primo

613 981 684 1001 concipit
694 981 745 1002 ipsam
756 981 841 997 essentiam
853 980 883 996 auh
894 981 955 997 ratione
964 986 989 997 ea—

613 1006 677 1025 sentiae3
685 1008 701 1021 et
710 1005 767 1021 deinde
778 1006 872 1026 negotiando
883 1006 926 1022 circa
935 1010 989 1022 essen-

614 1030 657 1050 tiam,
665 1030 736 1051 concipit
744 1035 779 1046 eam
790 1033 807 1046 ut
818 1030 898 1046 intellecta
907 1032 936 1049 eat¹
945 1032 961 1046 et
971 1032 989 1046 ιιι

210 1058 268 1076 praeter
278 1057 359 1075 respectus
369 1055 388 1071 ad
399 1057 485 1073 creaturae,
493 1055 553 1075 duplex
562 1057 586 1071 eat
593 1056 605 1072 D
613 1055 709 1076 intelligens,
718 1057 733 1071 et
744 1057 762 1071 ut
771 1058 794 1071 eat
806 1055 846 1071 ratio
857 1055 961 1076 intelligendi,
969 1055 989 1071 Et

209 1084 260 1101 genua
273 1082 374 1100 respectuum
384 1084 413 1095 seu
426 1079 521 1095 relationum
532 1080 551 1095 ad
562 1080 586 1095 in-

210 1107 240 1123 tre,
249 1106 288 1125 puta
298 1109 301 1120 :
313 1104 386 1123 realium,
395 1104 454 1124 quibua
466 1104 586 1124 distinguuntur

211 1133 291 1150 persuum
304 1131 319 1144 et
333 1128 434 1144 rationalium
448 1129 482 1144 eive
496 1129 584 1144 secundum

210 1154 294 1172 rationem,
305 1158 345 1174 quaa
358 1153 445 1173 important
456 1154 472 1168 et
484 1153 543 1173 quibus
554 1153 585 1169 dia„

210 1179 305 1199 tinguuntur
315 1178 369 1194 omnia
381 1177 463 1193 attributa.
473 1177 529 1193 Omnia
541 1178 584 1193 enim

210 1204 226 1219 in
237 1208 267 1219 suo
278 1202 369 1223 significato
382 1202 466 1218 includunt
478 1202 549 1218 divinem
561 1207 585 1218 ee—

209 1228 277 1244 eentiam
289 1227 319 1243 eub
332 1227 393 1243 ratione
404 1227 473 1247 alicujus
486 1229 567 1247 respectus
580 1232 584 1243 ῑ

209 1257 241 1269 ιιοιι
251 1252 270 1268 ad
280 1254 330 1271 extra,
339 1254 357 1267 ut
367 1252 386 1267 ad
396 1253 481 1267 creaturae.
490 1251 532 1267 Talis
542 1252 585 1267 enim

210 1279 291 1298 respectus
299 1281 331 1293 non
339 1279 363 1292 eat
371 1276 401 1292 nisi
411 1276 499 1292 secundum
508 1276 585 1292 rationem

209 1302 278 1323 alicuius
289 1301 392 1320 cauaalitatis,
402 1301 472 1322 qualiter
482 1300 533 1317 Rabbi
544 1300 586 1322 Moy—

209 1332 235 1343 ees
246 1329 262 1342 ot
273 1326 354 1342 Aviceuna
366 1326 441 1342 dixerunt
455 1328 537 1346 respectua
549 1326 586 1347 plu-

613 1080 651 1101 quin
667 1080 683 1096 in
699 1080 808 1100 cognoscendo
822 1082 838 1095 et
853 1080 956 1100 intelligendo
971 1085 988 1096 se

614 1105 671 1125 ipsam,
684 1105 772 1125 complacet
786 1105 800 1120 ei
815 1105 831 1120 in
847 1109 864 1120 se
877 1104 917 1125 ipsa,
930 1105 988 1120 deinde

613 1130 684 1150 concipit
694 1134 729 1145 eam
739 1131 757 1145 ut
766 1129 839 1148 volitum,
848 1129 903 1145 volens
915 1129 988 1150 ratioque

613 1154 682 1170 volendi.
690 1154 748 1174 Sieque
759 1154 781 1170 rei
791 1158 827 1174 qum
835 1154 850 1169 in
861 1158 878 1170 ae
886 1158 917 1169 una
925 1156 941 1170 et
950 1154 988 1170 sirn-

613 1179 650 1200 plex
661 1179 743 1197 exaistens,
752 1183 784 1194 uno
794 1181 818 1194 est
829 1178 894 1194 nomine
904 1179 988 1195 nominan-

613 1203 638 1222 da,
646 1204 688 1219 sicut
698 1208 730 1219 uno
740 1205 818 1224 conceptu
829 1205 853 1219 eet
863 1203 931 1224 cognita.
941 1203 988 1224 plura

614 1228 678 1244 nomina
690 1228 795 1249 imponuntur
807 1228 874 1246 diversa,
885 1228 988 1249 quemadmo-

613 1253 651 1268 dum
660 1252 733 1273 pluribus
741 1252 845 1273 conceptibus
852 1252 942 1273 concipitur
949 1257 988 1273 quo-

613 1277 632 1293 ad
641 1277 709 1293 rationes
717 1277 834 1296 attributorum,
840 1277 856 1292 in
864 1279 942 1297 quantum
950 1280 988 1293 sunt

613 1302 676 1323 objecta
688 1301 751 1318 realiter
763 1307 819 1321 unum,
833 1302 894 1318 ratione
906 1302 987 1322 distincta,

613 1326 686 1347 quemvis
696 1331 728 1342 uno
738 1326 797 1342 intuitu
807 1326 877 1348 simplici
886 1326 928 1342 Deus
937 1326 986 1343 aimul
