1088 1569
253 124 349 139 avarionus
360 124 424 136 vam
434 124 483 135 tutus
493 123 614 136 smmum.
626 128 646 131 —
656 124 713 138 unzsr.
725 124 730 136 ι

861 120 880 135 61

98 167 154 182 divina
166 168 247 183 tenentur.
257 167 283 183 Sic
294 169 348 183 autem
358 167 381 183 eis
393 167 475 186 assentire,
484 166 550 183 Averos
559 171 593 183 ease
603 166 678 183 articulos
690 166 734 186 fidei,
744 167 783 182 certi
794 171 850 183 snmus
860 167 880 183 do

97 191 149 207 solius
156 193 180 207 set
188 191 233 207 fidei.
242 192 278 208 ldeo
285 192 365 212 theologia
375 192 399 207 sic
406 193 476 212 sumpta,

98 220 131 231 non
141 216 197 232 diflert
205 221 214 231 ι
224 216 262 232 fide.
271 216 311 232 Hinc
321 220 392 237 quarere
402 221 423 231 an
433 216 477 231 thoo-

98 240 142 260 lngia
151 241 174 256 sic
184 243 250 261 accepta
259 241 281 256 ait
291 241 363 260 scientia,
371 241 414 256 idem
424 242 449 256 est
458 245 477 256 ac

98 265 113 280 si
123 267 223 285 quareretur
232 270 252 281 an
262 265 303 281 fides
313 265 334 281 sit
342 265 414 281 scientia.
423 265 476 284 Porro,

98 289 113 304 si
125 289 205 310 theologia
217 290 288 306 secundo
299 290 345 306 modo
356 290 449 310 accipiatur,
458 289 477 305 li-

98 314 127 329 des
137 316 153 330 et
162 314 242 335 theologia
251 317 289 330 sunt
296 314 316 330 de
323 315 384 333 eodem,
393 314 424 330 nisi
434 314 477 334 quod

99 338 116 354 id
128 339 171 359 quod
184 339 232 355 tradit
245 339 291 358 (ides,
303 339 336 355 sols
350 339 397 355 tradit
410 338 478 355 auctori—

99 365 138 382 t-ste,
151 363 231 384 theologia
245 364 311 380 ratione.
324 364 360 379 Ideo
372 368 443 384 quarere
456 368 476 379 an

99 387 180 408 theologia
189 388 213 404 sic
220 390 285 409 sumpta
293 388 314 404 sit
323 388 395 407 scientia,
403 390 427 404 est
435 393 478 408 quie-

99 417 135 428 rem
143 414 197 428 utrum
206 413 225 429 de
233 413 288 429 eodem
296 413 344 428 simul
353 412 414 433 possint
421 412 476 428 haberi

98 437 141 453 fides
148 439 197 458 atque
205 437 278 453 scientias
286 437 366 453 sumendo
374 439 427 453 sutem
435 437 477 453 theo-

504 192 570 207 veritate
580 196 641 207 eorum*
649 191 672 207 Ad
683 191 725 212 quod
736 191 826 212 respondet,
837 191 879 212 quod

504 216 568 236 quando
580 218 642 232 constat
653 216 673 232 de
686 215 767 231 infallibili
778 216 846 232 veritate
858 216 881 231 di-

504 240 561 259 centis,
570 242 631 256 constat
640 241 660 256 de
667 241 734 256 veritate
744 240 788 256 dicti.
797 240 827 256 Sed
837 240 879 261 quod

505 264 545 280 Deus
555 265 613 280 dixerit
623 265 710 281 articulum
723 264 767 284 fidei,
778 269 810 281 nou
823 267 880 286 potest,

504 291 522 305 ut
529 289 596 308 videtur,
601 291 673 305 constare
681 289 830 310 viatori-Oporteret
836 290 880 305 enim

504 314 547 334 quod
557 314 581 330 vel
591 314 652 330 videret
660 314 730 330 Verbum
740 314 813 330 divinum
824 314 840 329 in
850 319 867 330 se
876 319 880 330 z

504 340 520 354 et
531 338 555 354 sic
567 343 599 354 non
611 341 653 354 esset
664 338 721 357 viator,
734 338 761 354 sed
776 338 881 359 comprehen-

504 367 538 382 sor3
548 365 575 378 aut
582 363 625 383 quod
632 363 695 379 audiret
702 367 759 378 sonum
767 363 783 378 in
792 363 881 379 substantia

504 389 557 403 creata
567 387 659 406 formatum,
667 385 709 403 sicut
718 387 808 403 formantur
818 387 834 403 in
844 392 881 403 aere

504 412 539 428 soni
553 412 614 428 similes
626 412 692 428 vocibus
706 412 823 433 significativis.
837 412 881 428 Talia

503 439 557 452 autem
565 439 631 457 possunt
639 436 704 452 formari
712 441 721 452 s
729 437 805 452 damone,
815 436 881 457 Propter

98 462 158 482 logiam
168 462 216 478 tertio
225 462 277 481 ruodo,
287 466 358 482 quarere
367 466 387 477 an
398 461 477 482 theologia
487 461 547 481 equod
557 461 602 477 nullo
611 461 658 477 modo
670 463 721 481 potent
733 463 806 477 constare
816 461 881 477 eviden-

97 486 120 502 sit
134 486 207 505 scientia,
220 488 244 502 est
256 491 327 507 quarere
342 488 396 502 utrum
409 491 428 502 ex
440 486 478 502 arti-

98 511 141 526 culis
156 511 194 526 fidoi
211 511 262 531 possit
277 510 338 531 aliquid
353 511 477 526 demonstrative

98 535 174 551 concludi
186 536 228 556 quod
240 540 277 551 vere
287 535 308 551 sit
318 535 382 551 scitum.

120 560 148 575 uis
156 560 217 576 ultimis
225 560 287 576 duobus
295 560 346 576 modia
354 562 411 576 tractat
419 560 478 576 Duran-

98 585 130 600 dus
145 585 186 600 hanc
201 585 305 605 qunsticnsm
320 585 387 605 prolixo.
400 584 420 600 Et
434 587 478 600 tenet

99 609 116 625 in
128 609 190 630 primis,
198 609 241 630 quod
251 609 271 625 de
281 609 337 625 eodem
347 611 413 630 possunt
423 609 439 625 in
450 610 478 625 ho-

98 634 145 650 mine
157 634 205 650 simul
217 639 252 650 eoae
266 634 307 650 rides
319 636 335 650 et
347 634 419 652 scientia,
431 634 478 650 dum-

98 659 149 674 modo
163 659 202 674 illud
217 659 238 674 sit
252 658 309 674 scibile
323 660 339 674 et
353 658 477 674 demonstrabile

98 683 163 699 homini
175 683 242 703 viatori;
252 683 292 699 alias
304 688 342 699 non.
350 692 370 695 —
380 683 444 702 Deinde,
454 683 477 699 Ιο-

97 708 165 728 quendo
174 708 193 723 de
203 708 282 728 theologia
292 708 339 723 tertio
349 708 395 723 modo
406 710 476 728 sumpts,

98 734 145 748 tenet
153 732 194 752 quod
205 736 236 748 non
244 732 265 748 sit
272 737 309 748 vere
318 737 346 748 uec
354 732 419 753 proprie
428 732 478 748 scieu-

505 488 533 504 tsr,
547 486 589 506 quod
601 485 665 501 articuli
677 486 709 501 sint
721 490 730 501 a
742 486 773 501 Deo
785 485 830 501 dicti.
844 485 881 502 Esto

504 510 552 526 etiam
567 510 610 531 quod
625 510 691 526 evidens
705 512 746 526 esset
758 510 807 526 Deum
822 510 881 526 dixisse

504 535 580 551 srticulos
591 540 594 551 τ
606 539 637 551 non
648 537 701 551 tamen
712 535 732 551 oh
743 535 773 551 hoc
783 535 847 551 articuli
857 540 881 551 es-

504 561 539 575 seut
549 559 631 575 evidentes
642 560 657 575 in
669 560 740 580 speciali,
751 560 778 575 sed
789 562 851 576 tuntum
863 560 879 575 in

503 584 579 604 generali.
587 584 618 600 Nec
628 584 670 600 Iorte
677 584 725 600 etiam
736 584 752 600 in
762 584 833 605 gener-li
844 584 881 600 talis

504 609 585 625 conclusio
597 611 638 625 esset
650 609 690 625 sein
702 614 706 625 t
719 609 758 630 quia
772 614 803 625 non
816 609 881 625 conclu-

504 633 547 649 ditur
559 638 588 654 per
601 634 690 654 proprium,
703 634 730 649 sed
746 638 775 654 per
786 636 880 650 extraneum

504 658 581 674 medium.
589 658 623 674 Non
631 662 669 678 ergo
677 658 719 674 velet
729 658 756 674 illa
767 659 848 674 instantia.
857 658 881 674 ld-

504 687 522 699 eo
533 685 576 703 patet
587 683 629 703 quod
639 683 659 698 de
669 683 772 699 conclusione
781 683 849 699 deducta
859 688 879 699 ex

505 707 585 728 principio
594 709 656 723 tantum
666 707 732 726 credito,
741 712 773 723 non
784 710 836 728 potest
843 712 881 724 oon-

504 734 546 747 stare
560 732 650 750 deducenti,
665 732 708 752 quod
724 732 813 748 necessaria
829 732 850 748 sit
864 734 881 748 et

98 756 123 772 tia
132 761 136 772 :
144 759 161 772 et
170 757 186 772 in
196 757 226 772 hoc
235 754 296 772 recedit
302 761 312 772 a
319 756 384 775 Thema,
392 756 476 776 Richardo,
485 757 496 773 C
504 761 542 772 vera
552 761 556 772 :
567 761 598 772 non
611 757 646 776 [est]
658 761 696 777 ergo
709 757 774 777 proprie
786 757 830 772 acite.
844 756 879 773 nm

98 781 190 802 ceterisque
203 781 288 801 praedietis.
299 781 370 802 Denique
381 781 476 802 positionem

98 810 147 821 suam
155 805 178 821 sic
186 806 243 826 probat
251 811 255 821 :
264 805 310 821 Omni
318 806 374 821 scienti
383 808 435 826 potest
441 811 477 822 con*

98 832 144 846 stare
153 830 172 846 de
182 830 284 846 conclusione
295 830 341 849 scita,
351 831 394 851 quod
407 831 428 846 sit
439 835 477 846 vera

98 857 116 870 et
126 855 169 875 qnod
182 855 281 875 impossibile
293 855 314 871 sit
326 855 372 871 aliun
381 859 398 871 se
408 855 476 875 habsrs3

97 879 128 895 sed
140 879 160 895 de
170 879 273 895 conclusione
284 880 352 895 deducta
362 884 381 895 ex
392 880 477 900 principiis

98 905 164 919 tantum
171 904 241 923 creditis,
250 909 282 920 non
291 906 341 924 potest
349 906 422 920 constare
429 904 478 920 dedu-

98 928 145 944 centi
157 928 198 948 quod
212 928 311 949 impossibile
324 929 344 944 sit
356 933 390 944 earu
403 928 449 944 aliter
461 933 478 944 se

100 953 167 972 habere,
180 958 233 974 neque
245 953 287 974 quod
299 953 320 969 ait
331 958 374 969 vera.
386 953 420 969 Non
434 954 477 969 enim

101 978 140 998 plus
147 980 219 994 constare
227 980 279 998 potest
286 978 305 993 do
313 978 420 997 conclusione,
429 983 477 998 quam

100 1003 121 1018 de
132 1002 221 1023 principiis,
230 1007 280 1023 quum
291 1002 347 1018 notitia
356 1002 477 1018 conclusionum

99 1027 191 1048 dependeat
203 1032 223 1043 ex
235 1027 292 1043 notitia
305 1027 421 1048 principiorum
433 1032 437 1042 :
450 1027 477 1043 aed

504 781 593 797 Dursndus.

524 806 582 822 Contra
591 806 637 826 cujus
645 806 688 822 dicta
696 806 746 822 multa
753 805 802 826 objici
812 808 879 826 queunt.

504 830 561 849 Primo,
566 830 642 851 quoniam
651 830 720 846 levitatis
727 831 809 846 videretur
815 831 880 847 credere

504 855 529 871 his
540 860 576 875 ques
586 859 649 871 omnem
662 855 740 871 rationem
752 855 836 874 excedunt,
847 860 881 871 om-

504 880 553 900 nique
567 879 621 895 sensui
636 881 651 895 et
666 880 768 900 sxperientiae
783 880 881 896 contrarian-

504 906 536 923 tur,
545 904 575 920 nisi
585 904 718 920 certitudinaliter
728 909 829 920 nosceremus
837 905 879 925 quod

504 929 545 944 Deus
555 933 602 944 verus
613 928 633 944 sit
643 933 698 944 eorum
710 928 790 949 probator,
800 929 856 945 doctor
864 931 881 945 ct

505 953 555 969 testis.
563 953 595 969 Nec
606 953 647 969 Deus
659 953 690 968 sub
699 955 762 969 aeternoe
772 953 879 969 damnationis

504 977 628 993 comminatione
640 978 729 998 requireret
739 982 748 993 a
758 978 804 994 nobis
817 978 881 994 indubi-

505 1004 553 1018 tatum
564 1002 620 1018 iulium
630 1002 747 1020 credulitatem,
755 1002 786 1018 nisi
797 1002 881 1019 sufficien-

505 1029 528 1042 ter
538 1029 553 1042 et
563 1026 647 1042 manifeste
656 1027 751 1042 ostendisset
761 1027 854 1043 hominibus
863 1032 881 1043 se

100 1052 121 1067 de
134 1051 219 1072 principiis
231 1053 293 1067 tantum
304 1051 368 1067 creditis
381 1056 412 1067 non
425 1054 478 1072 potest
485 1053 497 1068 l)
505 1051 560 1067 talium
571 1056 605 1067 csse
616 1053 672 1067 testem
682 1053 730 1072 atque
740 1053 826 1067 auctorem.
835 1051 881 1068 Deni-

99 1078 175 1092 consure
185 1076 228 1096 quod
238 1076 270 1091 sint
278 1080 321 1095 vera,
330 1081 359 1092 nec
366 1076 408 1096 quod
419 1076 478 1097 impos-

99 1101 150 1116 sihile
157 1101 177 1116 sit
185 1105 203 1116 ea
211 1100 258 1116 aliter
265 1105 282 1116 se
290 1100 354 1116 habere.
362 1100 390 1116 llle
397 1101 440 1116 enim
449 1101 477 1121 qui

99 1125 154 1141 solum
169 1125 235 1140 assentit
249 1124 297 1140 alicui
312 1125 355 1141 dicto
369 1127 434 1146 propter
448 1125 477 1141 linc

100 1150 146 1171 quod
155 1149 176 1165 ab
185 1149 218 1165 alio
226 1149 291 1169 dieitur,
302 1152 380 1170 quantum
391 1152 415 1165 est
426 1154 445 1166 ex
454 1154 477 1169 sc,

98 1174 186 1195 aequaliter
194 1174 279 1190 assentiret
287 1174 354 1190 cuilibet
361 1174 404 1190 dicto
413 1174 433 1190 ab
444 1174 477 1193 illo,

99 1200 136 1215 sivo
148 1204 204 1215 verum
217 1201 263 1218 esset,
275 1199 308 1215 sive
320 1199 384 1215 ialsum.
397 1199 427 1215 Sed
440 1199 477 1215 huic

99 1226 196 1245 argumento
203 1224 260 1244 objicit
268 1224 356 1242 Durondus,
362 1224 401 1244 quia
408 1224 445 1239 dum
454 1224 478 1239 di-

99 1253 140 1265 cens
152 1248 217 1264 mentiri
232 1253 264 1264 non
280 1250 331 1269 potest
343 1253 372 1264 nec
385 1248 426 1267 falli,
439 1250 477 1264 tunc

99 1273 169 1289 credens
183 1273 273 1289 auctoritati
288 1273 338 1293 ipsius
353 1275 406 1289 certus
420 1275 444 1288 est
458 1273 478 1289 de

98 1298 169 1314 verit-ste
176 1298 214 1314 dicti
223 1298 273 1318 ipsius
282 1302 285 1313 :
294 1297 330 1313 talis
338 1299 391 1313 autem
399 1299 423 1313 est
430 1297 476 1313 Deus.

98 1323 154 1342 Ouum
168 1327 207 1344 ergo
220 1322 314 1338 sueton-itata
329 1322 380 1343 ipsius
394 1323 478 1338 credamus

505 1081 536 1096 que
550 1076 590 1091 nihil
606 1078 637 1091 tam
650 1077 712 1091 certum
724 1078 753 1095 est,
767 1081 814 1096 quam
829 1076 879 1092 neum

505 1100 569 1116 mentiri
580 1105 612 1116 non
625 1104 671 1120 posse
680 1105 684 1116 τ
694 1100 759 1119 idcirco,
770 1100 808 1116 dum
820 1103 881 1117 constat

505 1125 553 1141 Deum
564 1129 599 1140 esse
611 1126 705 1140 assertorem
718 1124 762 1143 dicti,
772 1125 879 1141 certissimum

504 1151 528 1165 est
536 1149 575 1165 illud
583 1154 617 1165 esse
624 1149 732 1168 verissimum,
739 1154 769 1165 nec
776 1149 809 1165 ulla
816 1150 880 1166 demon-

504 1174 559 1190 stratio
567 1174 625 1190 certior
632 1176 661 1190 est.
668 1174 728 1190 Idcirco
735 1174 776 1190 dixit
783 1174 867 1195 Apostolus
875 1179 879 1191 ε

504 1199 547 1215 Licet
558 1204 586 1215 nos
595 1201 622 1215 :ut
632 1199 698 1220 augelus
706 1199 725 1215 de
733 1199 774 1215 coelc
783 1200 880 1220 evangelizet

504 1224 550 1240 vobis
560 1226 617 1245 praetor
626 1224 641 1239 id
651 1224 694 1244 quod
704 1224 848 1244 evangelizavimus
855 1229 880 1240 vo-

504 1249 534 1267 his,
543 1249 627 1264 anathema
638 1248 664 1264 sit.

524 1273 605 1291 Prntemu,
616 1273 636 1288 ad
646 1273 676 1289 hoc
687 1273 729 1293 qued
742 1275 785 1288 certe
795 1277 879 1289 noscamus

504 1297 589 1313 articulum
599 1297 637 1313 fidei
648 1297 709 1313 dictum
719 1301 753 1313 esse
760 1302 769 1313 a
777 1297 813 1316 Deo,
822 1302 880 1318 nequ:-

505 1326 554 1343 quam
567 1323 630 1343 oportet
644 1323 661 1337 ut
675 1322 701 1337 vel
715 1321 798 1338 videamus
810 1322 880 1338 Verbum

888 1206 926 1217 σιω.
931 1210 938 1219 ι,
949 1214 953 1217 .
