1088 1569
42 1067 53 1074 ι.
62 1063 97 1075 xas-

261 127 357 141 ouaesrtomss
367 127 431 139 t’ttflvm
441 127 489 139 ¹-less
500 127 621 140 smummnuu.
633 133 653 136 —
663 129 720 142 Qusssr.
732 129 737 140 Ι

867 124 888 141 65

107 169 180 189 videtur3
189 169 270 185 evidentia
281 169 389 190 intelligentias
396 172 425 189 est,
434 174 484 190 quan-
492 169 505 185 A
512 170 543 185 lem
553 172 570 186 et
579 170 661 191 copiosum
672 171 726 187 sciunt
734 173 750 187 et
759 171 824 192 sepiunt
833 171 887 187 divina

107 193 129 209 do
137 198 162 209 res
172 198 203 210 non
215 198 290 214 pmsens,
299 199 328 214 per
335 194 426 210 distinctam
437 194 484 210 ratio-

107 223 145 234 nem
153 223 198 234 suam
206 218 302 239 agnoscitur.
311 218 379 234 Primam
387 219 484 234 evidentiam

108 242 157 258 habet
166 243 236 258 rusticus
245 243 265 259 de
274 243 331 264 eclipsi
341 248 389 264 quam
400 243 452 263 videt;
461 248 485 259 se-

107 267 183 285 cundam.
193 268 282 288 astrologus
293 268 312 283 de
323 268 379 288 eclipsi
392 272 440 288 quam
453 272 484 283 non

107 292 157 308 videt.
167 292 243 313 Haneque
255 292 341 308 secundam
353 292 449 308 evidentiam
462 292 485 308 di-

108 319 147 332 eunt
154 316 231 332 sufficere
238 317 258 332 ad
266 317 349 333 scientiam
357 317 419 338 absque
426 317 484 338 prims,

108 346 139 357 nec
148 341 205 357 tollere
216 341 271 357 fidem.

128 366 159 382 Sed
171 366 212 382 hanc
225 371 289 387 quoque
302 366 397 387 positionem
411 366 485 387 reprobat

109 391 198 410 Durendus,
209 391 247 412 quia
259 394 277 407 ut
288 392 316 410 ait,
327 391 403 407 fictitium
416 396 450 407 esse
462 392 485 407 vi-

108 416 156 431 detur
166 420 225 437 ponere
233 416 265 432 tale
273 416 326 432 lumen
335 421 339 432 :
348 416 386 436 quia
396 418 424 432 ant
434 416 486 432 infun-

108 440 153 456 ditur
165 441 240 456 omnibus
255 441 338 461 aequaliter
351 440 453 456 studentibus
469 440 484 456 in

512 194 596 213 credenda,
609 197 625 210 et
639 195 680 210 bene
694 200 712 211 ae
727 198 770 211 certe
783 195 856 216 judicant
867 196 887 211 de

511 219 571 235 eisdem
585 224 613 239 per
625 219 753 235 conformitatem
767 222 782 235 et
794 222 887 236 connatura-

512 244 572 259 litatem
585 243 652 260 allectus
665 244 689 260 sui
702 244 721 260 ad
734 244 762 260 illa
772 249 776 260 ε
787 245 809 260 ita
822 249 850 265 per
860 245 888 260 do-

512 273 551 283 num
559 268 649 284 intellectus
657 273 689 289 quo
696 269 792 285 decorantur
799 269 888 285 secundum

511 293 578 313 gradum
590 293 684 313 perlectum,
695 293 788 312 clarissime,
799 293 888 309 certissime

512 322 530 333 ac
545 317 649 333 subtilissime
664 318 756 338 intelligunt
768 323 786 334 ea
799 323 835 338 quas
849 317 888 333 fidei

512 343 555 360 sunt,
563 344 579 357 et
589 346 647 358 nexum
657 347 676 358 sc
683 342 756 358 ordinem
766 343 888 361 credendorum,

512 371 530 382 ac
537 367 675 387 supernaturalem
686 367 826 383 rationabilitatem
837 367 890 383 cath&

513 391 547 407 licae
556 391 636 411 veritatis;
645 391 736 412 habentque
747 392 796 407 fidem
806 396 843 408 cum
854 392 890 407 rati—

512 415 570 431 onibus
581 416 694 432 credendorum
705 419 721 432 et
732 416 822 437 purificatio
832 417 889 432 mentis

513 440 624 460 intelligentis.
635 443 683 461 prout
694 440 787 459 Alexander,
796 443 812 457 et
821 441 890 457 Antisio-

109 465 194 486 theologia,
202 467 218 481 et
226 465 254 486 qui
262 467 300 481 sunt
307 465 373 486 {equalis
381 465 450 486 ingenii,
459 467 486 480 aut
494 464 506 479 B
513 465 585 480 dorensis
596 465 611 480 in
619 464 685 481 Summe
695 470 728 484 sua,
737 468 753 481 et
760 465 854 481 Guillelmus
864 465 891 481 Pe-

109 494 148 509 non,
158 490 185 506 sed
196 490 248 506 solum
260 490 361 510 quibusdam.
373 490 443 506 Primum
454 494 485 505 non

108 514 178 533 videtur,
187 515 225 535 quia
237 519 268 530 non
278 519 333 530 omnes
345 515 384 530 tales
395 514 486 535 percipiunt

109 539 126 554 in
138 544 155 555 se
165 539 214 555 talem
225 539 322 555 evidentiam
333 539 454 555 credendorum.
465 539 487 554 Ir-

109 563 205 579 rationabile
219 568 284 584 qnoque
296 566 320 579 est
334 564 392 582 dicere,
406 563 448 584 qnod
464 563 487 579 in-

110 588 184 604 funditur
195 593 227 604 non
238 588 313 604 omnibus
324 588 388 607 talibus,
397 588 424 604 sed
435 588 486 604 solum

109 613 213 634 quibusdam,
221 618 272 633 quum
284 613 316 629 sint
325 613 408 633 squaliter
417 613 436 628 ad
448 613 487 628 illud

109 637 189 658 dispositi.
201 637 255 656 Porro,
263 638 306 658 quod
317 637 373 653 dicunt
383 638 437 653 lumen
448 637 487 653 illud

110 667 143 678 non
156 662 212 678 tollere
222 662 278 681 fidem,
289 662 390 683 improbatur
401 667 404 678 z
416 662 453 682 quia
464 666 488 677 se-

110 687 182 703 eundum
192 691 225 705 eos,
233 687 322 703 obscuritas
331 689 347 702 et
357 687 455 702 inevidentia
464 688 488 702 est

110 712 131 727 de
146 711 207 727 ratione
222 711 266 727 fidoi,
279 711 313 727 Non
328 716 365 732 ergo
379 713 421 727 stare
437 713 489 732 potest

110 736 153 752 fides
169 741 206 752 cum
224 736 316 756 hujusmodi
333 736 413 752 evidentia
429 736 488 751 intelli-

514 489 584 505 risiensis
600 494 618 505 ac
635 489 662 505 alii
678 492 793 509 contestentur,
811 490 832 506 ita
847 490 890 511 quod

513 514 554 530 nihil
562 514 626 530 videtur
634 514 657 530 eis
668 517 700 530 tam
709 519 770 533 verum,
779 517 811 530 tam
822 515 891 531 rationa-

514 538 552 557 bile,
562 541 594 554 tam
605 543 693 555 consonum
704 539 735 555 sibi
747 539 784 560 ipsi,
796 541 813 555 ut
824 540 889 555 assertio

514 563 559 582 fidei,
571 565 587 579 et
599 563 641 584 quod
655 564 719 579 tradunt
732 564 802 580 articuli.
816 564 835 579 Et
847 569 890 580 oom-

514 588 584 604 muniter
596 588 636 603 tales
649 590 686 604 sunt
697 593 753 604 omnes
765 589 793 609 qui
805 589 889 609 mysticam

515 613 609 633 theologiam
618 612 680 628 assidue
688 613 798 633 experiuntur*
806 613 846 629 Hinc
854 613 891 629 illu-

515 637 581 653 minatio
591 637 621 653 ista
631 642 662 653 non
672 638 720 653 datur
729 638 767 654 solis
778 640 806 653 aut
815 638 891 654 omnihus

515 662 531 677 in
544 662 623 682 theologia
634 662 740 680 studentibus.
752 667 779 678 seu
790 667 835 683 mque
848 663 891 683 inge—

515 686 570 705 niosis,
583 687 610 702 sed
622 687 645 702 eis
657 687 685 707 qui
698 687 714 702 in
729 687 799 707 puritate
811 687 863 703 cordis
875 689 891 703 et

515 711 580 727 caritate
588 711 638 732 magis
645 711 802 732 proficiuntllorum
810 716 852 727 unus
860 712 891 727 l'uit

515 738 580 751 sanctus
590 736 639 752 frater
646 736 722 756 AEgidius,
731 736 759 757 qui
770 736 821 752 noluit
831 736 890 755 dicere,

109 761 174 781 gentis
185 760 268 776 Contraria
279 765 344 781 quoque
355 760 372 776 in
383 760 428 776 nullo
438 760 488 780 gradu
496 760 507 777 C
515 760 565 776 Credo
573 760 588 776 in
597 760 646 776 Deum
653 765 657 781 ς
665 761 698 779 sed,
707 761 743 777 Scio
752 761 806 776 Deum.
815 761 834 776 Et
842 761 891 777 maxi-

110 788 261 806 qnantumoumque
269 785 340 804 remisso,
345 785 465 805 compatiuntur
472 789 489 800 se

111 810 189 826 invicem.

131 835 163 850 Has
172 834 271 855 objectiones
279 836 294 850 et
303 834 342 850 alias
350 834 426 854 quasdam
437 839 490 855 prose-

111 860 168 881 quitur
175 860 206 875 iste
213 859 296 875 Durandus
304 859 371 880 prolixe.
378 859 427 879 Cujus
434 859 490 879 opinio

111 884 176 900 videtur
186 884 255 900 absurda
266 886 282 899 et
292 883 339 899 dictis
349 883 443 899 Sanctorum
454 888 491 899 con-

111 908 199 924 tnria.Est
206 908 250 924 enim
258 908 347 924 commuuis
355 908 490 927 Sumatur-imnum

111 935 129 949 et
136 933 268 949 scholasticorum
276 933 359 949 doctorum
367 933 490 953 doetrina,quod

112 958 212 979 quicumque
223 957 270 973 habet
280 957 348 978 gratism
358 959 422 978 gratum
433 957 491 973 facien-

112 984 146 998 tem
159 984 175 998 et
187 982 275 1001 carii-atem,
289 982 337 997 habet
348 984 364 997 et
376 984 437 1002 septem
449 982 491 997 dona

113 1007 203 1023 secundnm
218 1007 289 1027 aliquem
304 1007 385 1027 graduum
401 1009 417 1022 et
432 1008 491 1027 quanto

114 1031 152 1052 plus
163 1031 221 1047 crescit
234 1033 281 1051 atque
293 1031 378 1052 perficitur
390 1031 406 1046 in
419 1031 490 1049 caritate,

516 790 541 800 me
552 785 645 806 seraphicus
656 785 683 801 ille
695 785 794 802 Franciscus-

536 809 606 830 Denique
616 810 635 825 ad
645 810 691 826 istam
702 810 823 831 intelligentiam
833 812 849 826 et
858 810 891 826 evi-

516 834 586 850 dentiam
604 834 719 850 credendorum
737 835 810 850 hortatur
827 835 890 854 fideles,

517 859 604 879 praesertim
617 859 692 879 majores,
703 858 804 875 beatissimus
815 859 891 880 princeps

516 883 599 904 apostotici
607 883 658 902 chori,
666 883 683 899 in
691 883 743 904 prima
753 888 782 899 sua
789 883 856 904 loquens
865 884 891 900 Ga-

517 908 574 923 nonica
583 912 586 923 z
596 908 646 923 Parati
658 913 722 929 semper
734 908 753 924 ad
766 908 890 924 satisfactionem

516 932 560 948 omni
569 932 639 953 poscenti
647 937 675 948 vos
684 932 761 948 rationem
770 933 790 948 <le
799 937 819 948 ea
828 937 864 953 quie
873 933 890 948 in

517 956 562 972 vobis
575 959 599 972 est
611 957 643 973 lide
653 959 669 972 et
681 961 715 978 spe.
724 966 744 969 —
753 957 797 973 Unde
807 959 823 973 et
833 957 849 973 S.
860 957 891 973 Leo

517 980 559 1002 Papa
571 981 610 997 dixit
623 981 638 997 in
652 981 719 997 homilia
731 986 735 997 z
748 981 781 998 Non
794 981 891 1002 ambigimus

517 1005 592 1021 cordibus
608 1006 664 1022 vestris
679 1006 702 1022 ite
717 1006 779 1022 radium
796 1006 891 1027 resplendu-

518 1031 549 1046 isse
563 1031 641 1050 divinum,
655 1033 672 1046 ut
685 1031 728 1051 quod
741 1031 822 1047 mentibus
834 1031 891 1047 vestri!

114 1058 160 1072 tanto
167 1058 183 1072 et
193 1056 209 1071 in
219 1056 271 1071 donis.
279 1055 339 1071 Horum
349 1058 402 1071 autern
413 1056 490 1071 donorum
498 1056 510 1071 D
518 1055 551 1071 fids
566 1057 589 1071 est
604 1055 675 1074 insitum,
688 1056 709 1071 sit
724 1056 771 1071 etiam
786 1055 892 1076 intelligentia

114 1085 166 1096 unum
176 1082 201 1096 est
211 1080 270 1096 donum
281 1080 377 1099 intellectus,
385 1085 417 1101 quo
427 1085 446 1096 ea
455 1085 491 1100 quas

114 1105 154 1121 ndei
165 1107 208 1123 sunt,
217 1105 271 1125 aliquo
280 1105 328 1121 modo
338 1107 447 1125 penetrantur,
456 1109 492 1125 per-

114 1129 207 1151 spiciuntur
217 1131 233 1145 et
244 1129 355 1150 intelliguntur
367 1134 396 1150 per
408 1129 438 1145 hoc
448 1129 490 1150 quud

114 1154 185 1170 rationes
197 1154 256 1174 aliqum
268 1153 306 1170 fidei
319 1156 432 1174 agnoscuntur.
445 1154 490 1173 Hinc,

113 1179 157 1195 sicut
166 1179 197 1195 viri
208 1179 269 1195 heroici
280 1179 295 1194 in
306 1179 371 1195 caritate
381 1178 454 1200 perfecti,
463 1184 492 1200 per

113 1204 175 1220 donum
186 1203 269 1224 sapientias
279 1204 321 1224 quod
333 1203 393 1219 habent
403 1204 491 1219 secundum

113 1229 182 1250 gradum
194 1228 289 1249 perfeetum,
299 1230 337 1244 sunt
347 1228 393 1248 quasi
404 1228 491 1244 consiliarii

113 1256 130 1269 et
141 1252 222 1269 secretarii
232 1252 265 1271 Dei,
273 1254 289 1268 et
299 1252 385 1268 familiares
393 1252 428 1273 ejus
438 1253 491 1272 amici,

113 1283 123 1294 ι
131 1282 165 1298 quo
174 1277 238 1293 assidue
248 1277 354 1296 illustrentur,
362 1279 422 1293 stantes
432 1277 448 1293 in
457 1282 493 1293 eon-

114 1305 158 1318 tactu
171 1302 241 1323 quodam
256 1302 295 1318 solis
308 1302 394 1323 Sepientioe
407 1302 492 1322 increatam

113 1327 167 1348 quiet
177 1331 207 1348 per
215 1328 280 1347 gustum
291 1327 371 1342 internum
382 1329 493 1347 supernatura-

178 1360 195 1374 T.
204 1360 225 1373 1⁹.

518 1080 661 1101 comprehensum;
672 1080 749 1100 itemque,
757 1080 790 1096 Non
801 1080 852 1096 solum
860 1080 893 1101 (in-

519 1105 561 1125 quit)
576 1105 649 1123 credatis,
664 1105 692 1120 sed
707 1107 724 1120 et
738 1105 819 1125 sapienter
833 1105 892 1121 intelli*

518 1129 564 1150 gatis,
572 1131 620 1150 atque
627 1129 734 1150 intelligenter
742 1130 815 1145 noscatis.
824 1139 844 1141 —
852 1129 892 1145 Eine

518 1154 583 1170 demum
595 1154 683 1170 liichsrdus
694 1154 714 1169 de
726 1154 741 1170 S.
753 1154 815 1170 Victore
828 1154 844 1170 in
857 1159 893 1175 pro-

519 1179 554 1199 logo
564 1179 583 1195 de
593 1179 670 1195 Trinitate
679 1179 754 1195 disseruit
764 1183 768 1195 ς
778 1179 823 1195 Siout
833 1179 849 1195 in
859 1179 892 1195 tide

519 1204 567 1220 totius
582 1203 619 1219 boni
634 1205 658 1219 est
673 1203 758 1222 inchoatio,
771 1203 794 1219 sic
806 1204 823 1219 in
838 1204 893 1224 oogni-

519 1229 562 1244 tione
572 1228 621 1244 totius
632 1230 656 1244 est
668 1228 706 1244 boni
717 1228 834 1244 consummatio
844 1230 892 1249 atque

520 1253 602 1273 perfectio.
611 1253 687 1269 Fersmur
695 1257 732 1273 ergo
741 1253 760 1268 ad
771 1252 891 1273 perlectionem,

519 1280 535 1293 et
545 1277 604 1298 quibus
613 1282 698 1298 possumus
708 1277 809 1298 profectuum
816 1277 892 1298 gradibus

520 1306 624 1323 properemus
639 1302 658 1317 ad
671 1301 709 1317 fidei
723 1302 836 1322 cognitionem.
848 1302 892 1317 Sata-

519 1331 575 1347 gamus
584 1329 601 1342 ut
609 1331 699 1347 possumus,
708 1328 725 1342 ut
733 1326 840 1347 intelligamus
850 1327 892 1347 qnod

822 1360 830 1373 5

906 911 945 923 rpem
949 915 964 925 m,
979 901 983 905 ⁷
