1088 1569
202 126 232 142 5⁰4

365 130 381 142 nt
392 130 447 142 unum!
458 131 462 142 l
473 130 594 142 smnmsnun.
605 135 625 137 —
635 130 674 142 DIST·
685 130 723 146 ¹111}
735 130 791 144 QUAES'L
802 130 813 142 ΙΙ

202 173 315 190 ficationem
331 173 438 190 eonvenmt
454 173 636 190 emmstionisoem
652 173 732 193 praedicati
747 178 783 189 cum
798 173 876 193 subiecto,
889 173 912 189 sic
924 175 979 189 tamen

201 198 275 215 divinus
286 198 311 215 ad
321 198 380 215 intre.

225 248 248 263 Ad
263 247 305 268 quod
319 247 389 263 breviter
403 247 488 267 respondet
502 247 537 262 sine
551 251 576 262 sr-

200 272 281 293 gumentis
292 272 374 288 Udalricus
387 272 403 288 in
416 272 481 288 Summa
491 276 525 290 sua,
535 271 576 288 libro

201 297 248 313 tertio
256 302 260 312 τ
268 297 284 312 Si
296 297 325 313 hoc
338 301 402 315 nomen,
411 296 496 317 processio,
504 298 577 312 sumetur

201 322 289 337 secundum
305 321 320 337 id
335 321 361 337 cui
377 325 434 337 nomen
447 321 540 341 imponitur,
553 321 576 337 sic

202 346 254 367 primo
266 348 282 362 οι
294 346 404 366 propriissime
416 348 440 361 est
452 346 468 361 in
480 346 512 361 Deo
524 351 527 361 :
538 346 576 366 quin

202 371 282 392 processio
295 375 398 391 personarum
411 371 427 386 in
440 370 476 389 Deo,
488 372 512 386 est
524 375 577 386 exem-

202 396 238 416 plar
249 397 265 411 et
279 400 326 411 ceusu
342 395 447 416 processionis
461 397 575 411 creatur-rum.

202 420 238 436 Ideo
245 425 303 436 nomen
314 420 410 436 conveniens
419 424 471 435 cuusae
479 422 494 435 et
502 419 576 438 causatis,

202 445 288 465 perfectius
296 444 371 460 convenit
378 449 430 460 causus
436 444 451 460 Si
460 449 498 460 vero
505 446 577 460 sumstur

603 198 646 219 quod
663 198 766 219 praedicatum
781 198 797 213 in
813 198 860 214 modo
875 198 979 218 significandi

603 222 659 238 diil'ert
666 227 675 238 a
682 222 754 243 subjecto
763 227 766 238 ι
775 223 803 243 qui
813 223 870 238 modus
877 224 901 238 est
911 222 980 238 intentio

603 247 722 263 communitatis
733 247 840 268 proportionis
849 247 868 263 ud
878 249 931 263 sctum
939 247 980 262 utri-

603 277 654 292 usque
667 272 778 293 processionis.
791 272 818 288 llls
831 277 900 293 numque
912 276 980 293 propor-

604 297 651 313 tionis
659 297 699 313 rstio
707 302 739 312 uns
746 299 775 315 est,
784 297 918 317 quemadmodum
926 296 980 312 tribus

604 322 676 342 personis
691 326 776 337 commune
788 323 812 337 est
824 322 854 337 hoc
866 326 930 340 nomen,
943 326 981 342 per-

603 351 647 362 sona*
653 355 673 358 -
678 346 731 362 Nihilo
738 346 792 362 minus
800 346 880 367 processio
887 346 980 367 appropria-

603 373 630 386 tnr
637 371 720 392 spirationi
728 371 797 392 Spiritus
804 371 860 387 Sancti.
865 371 929 392 Propter
936 371 980 391 quod

604 396 620 411 in
633 396 743 412 notificatione
757 400 829 416 personis
841 395 910 416 Spiritus
924 395 980 412 Sancti

604 421 626 436 nit
635 420 707 436 Salvator
715 425 719 436 ;
728 420 805 441 Spiritum
816 420 887 436 veritatis
896 420 924 441 qui
934 425 943 436 a
952 420 981 436 Pa<

604 447 628 461 tre
638 445 715 466 procedit,
724 445 815 461 Nutirioatio
824 447 878 460 sutem
888 445 924 460 lieri
931 445 981 461 debet

202 469 282 490 processio
292 469 381 485 secundum
391 469 407 485 id
417 474 427 485 a
437 473 469 490 quo
480 473 538 485 nomen
550 469 577 484 im«
586 469 598 485 B
605 475 633 491 per
646 470 711 491 propris
722 470 747 485 vol
760 470 868 490 appropriata.
877 470 929 485 Potest
940 475 981 490 quo-

202 494 272 515 ponitur,
281 494 303 510 sic
311 498 330 509 ex
340 494 417 509 creaturis
427 495 545 514 transumptum
554 495 577 509 est

201 519 221 534 nd
229 518 288 534 divins.
297 518 323 534 Sic
331 518 374 534 enirn
382 518 441 534 dicitur
450 518 529 539 processio
538 523 577 539 qua-

201 544 214 559 si
228 547 275 564 porro
285 543 309 559 vel
322 543 378 564 procul
389 543 440 559 cessio
451 543 498 559 unius
508 543 528 558 uh
539 543 576 559 alio.

201 568 259 588 Sisque
267 568 343 588 importat
352 567 444 583 distantium
454 568 502 583 unius
511 567 532 583 ab
539 567 576 586 alio,

201 593 235 608 sive
243 593 330 608 secundum
339 594 418 610 usturam.
427 594 444 608 ut
452 592 468 608 in
477 592 577 612 processione

201 617 268 636 causali,
274 622 306 638 qus
313 617 382 633 effectus
390 617 461 638 procedit
468 622 478 633 s
485 622 537 636 causa,
543 617 577 632 sive

201 642 290 658 secuudum
301 642 353 658 locum
365 644 393 657 sut
402 642 478 662 spatium,
486 644 504 657 ut
514 642 530 657 in
542 646 578 662 pro-

201 667 272 683 cessione
282 669 297 682 et
306 667 376 683 motione
386 666 438 682 locali.
447 666 482 682 Haec
493 668 546 682 sutem
555 666 578 682 di-

201 691 259 707 stantia
267 691 332 712 proprie
339 693 363 707 est
371 691 387 707 in
396 691 443 707 robus
451 691 513 710 creatis,
521 696 552 707 non
562 691 577 707 iu

202 716 274 736 personis
287 716 351 734 divinis,
363 716 391 731 sed
403 716 491 731 secundum
504 715 578 731 similitu-

202 740 256 756 dinem
268 740 359 761 quamdam.
368 740 387 756 Et
397 740 477 761 processio
486 740 514 756 ills
524 740 578 756 divina

604 499 636 515 que
643 495 729 510 auctoritas
739 494 766 510 ills
776 494 849 515 intelligi,
858 494 900 515 quod
910 494 981 515 Spiritus

604 519 671 535 Snnctus
679 519 744 540 proprie
752 519 823 540 procedit
832 524 841 534 s
848 519 899 538 Patre,
908 519 929 535 its
937 520 981 540 quod

605 544 690 565 procedere
702 544 717 559 ei
728 544 749 560 sit
762 544 845 565 proprium
857 548 876 560 eo
888 544 935 560 modo
948 549 982 565 quo

604 569 657 584 Sancti
670 569 774 590 approprists
785 571 903 584 consueverunt
915 570 983 590 propri·

604 593 695 614 appellare:
702 594 744 609 uude
752 593 871 614 quintodecimo
879 593 898 609 de
904 593 983 610 'ri-initote

605 618 702 638 Augustinus
710 618 732 634 ait
740 618 797 633 Filium
808 618 834 633 Dei
843 618 908 639 proprie
915 618 983 639 Sapien-

605 643 643 658 tiam
654 642 691 658 dicii
700 642 746 659 listio
756 647 794 659 vero
803 643 939 663 appropriationis
949 648 982 659 non

605 669 629 683 est
638 667 726 688 analogice,
734 668 810 688 quoniam
819 668 846 683 ills
857 672 888 684 non
899 667 947 683 estin
958 668 983 683 di-

605 692 647 708 vinis
665 694 730 713 propter
745 696 849 713 personarum
866 692 982 713 aqualitntem,

605 721 634 733 nec
644 717 692 732 etium
703 716 815 732 convenientis
825 721 861 732 cum
873 717 939 738 proprio
948 717 984 738 Spi-

605 741 645 757 ritus
659 741 712 757 Ssncti
726 746 730 757 z
744 741 782 762 quia
794 741 882 757 secundum
897 742 983 758 nominum

203 765 291 781 secundum
303 765 364 786 sliquid
375 765 450 781 convenit
461 770 497 781 cum
511 767 579 786 utruque
588 765 598 781 C
605 766 740 786 significationem
749 766 798 787 magis
806 766 938 787 appropriaretur
946 771 984 787 pro-

204 790 305 811 processione
316 792 425 805 creaturarum
438 795 441 805 :
452 795 489 806 cum
502 790 579 811 processi-

204 819 235 831 one
249 815 310 835 quippe
323 814 382 830 causali
397 815 472 830 convenit
487 815 503 830 in
519 815 579 831 rstione

205 839 321 860 principisudi3
329 841 345 855 et
352 844 389 855 cum
397 839 497 860 processione
506 839 579 858 locali,in

204 864 306 880 distinctione
318 865 334 879 et
346 863 449 884 perfectione.
460 864 531 884 Denique
543 868 580 880 cnu-

205 888 242 904 sslis
255 888 335 909 processio
347 889 406 909 duplex
418 891 442 904 est
452 893 456 904 :
467 893 498 904 una
510 893 519 904 a
531 893 579 904 csusa

205 915 286 934 sepamts3
294 913 325 929 alis
335 918 344 929 a
355 918 403 929 causa
413 913 437 929 vel
449 913 530 934 principio
541 918 580 934 quo-

205 938 289 954 dammodo
297 938 434 957 consubstantinli,
443 938 484 954 sicut
493 938 530 953 l'luit
537 938 580 953 line·

205 968 214 979 s
227 965 291 983 puncto,
305 964 321 978 et
333 964 397 983 teinpus
408 967 418 978 α
430 967 473 978 nunc
484 963 561 983 temporis
575 967 578 978 :

205 989 253 1007 atque
260 992 297 1003 cum
306 987 335 1003 luo
344 987 444 1008 processione
453 987 535 1007 potissime
542 992 580 1003 con-

206 1012 250 1028 venit
259 1012 314 1027 divina
325 1011 410 1032 processio,
418 1011 462 1027 omni
473 1011 580 1032 imperiectio-

206 1041 226 1052 ηε
241 1036 308 1052 sublata.
324 1036 408 1056 Quumque
422 1036 503 1056 processio
517 1041 536 1052 cx
551 1041 580 1052 sus

606 791 673 806 cessioni
681 791 769 806 secundum
777 793 830 807 actum
839 793 903 810 natum,
907 796 944 812 qum
951 791 984 812 pri-

606 820 632 831 ms
643 817 667 831 est
676 817 692 831 ct
703 815 750 831 realis
761 817 777 831 et
787 815 883 836 simpliciter
893 816 935 832 dicta
946 821 985 836 pro-

606 840 662 858 cessio,
673 845 721 860 quam
735 840 832 860 processioni
845 840 910 859 amoris,
921 840 937 856 in
950 845 984 861 qun

607 869 638 881 non
650 865 680 880 nisi
692 864 780 880 secundum
792 864 831 885 quid
842 867 858 880 et
869 869 897 885 per
908 865 985 881 similitu-

607 889 660 905 dinem
673 891 697 905 est
711 893 795 910 processus
807 889 898 905 affectionis
911 890 926 905 in
940 895 985 906 sma-

607 916 640 929 tum
650 918 653 929 :
662 914 737 934 quonism
749 918 807 929 nomen
819 914 872 934 potius
882 915 958 930 convenit
968 915 984 930 ei

606 939 626 954 de
638 943 670 959 quo
685 938 781 958 simpliciter
792 938 856 957 dicitur,
870 943 918 959 quam
933 939 948 955 ci
963 939 984 955 de

607 968 639 984 quo
646 963 705 979 dicitur
715 963 803 979 secundum
814 963 858 984 quid.
867 963 896 979 Sed
905 964 945 979 ratio
953 966 983 982 est,

607 988 646 1008 quis
656 987 743 1003 secundum
755 988 838 1007 rationem,
848 988 928 1008 processio
939 991 985 1004 nctu-

608 1012 645 1028 rslis
660 1012 704 1028 addit
718 1017 767 1033 supra
782 1012 860 1028 rationem
876 1013 985 1033 processionis

607 1037 756 1053 determinationem
764 1037 867 1058 perfectionis
873 1042 877 1053 z
883 1042 903 1053 ex
911 1042 943 1058 qua
950 1042 985 1058 spe-

206 1061 266 1077 ntione
276 1061 298 1076 nil
310 1061 352 1076 dicat
362 1061 378 1076 in
387 1061 419 1077 Deo
430 1061 460 1076 nisi
471 1061 580 1081 principiatio-
587 1062 599 1078 D
607 1062 647 1078 ciale
655 1067 712 1078 nomen
720 1062 791 1081 sortitur,
798 1064 814 1077 et
822 1064 888 1078 vocatur
894 1062 984 1083 generatio.

206 1090 248 1104 nem,
257 1086 347 1101 communis
354 1087 378 1101 est
384 1085 482 1106 generationi
492 1087 540 1106 atque
548 1085 580 1106 spi-

206 1110 269 1126 rationi.
277 1110 314 1128 Qum
324 1110 430 1126 communitas
441 1110 514 1130 quamvis
524 1115 580 1126 secun-

205 1135 244 1151 dum
256 1135 333 1150 rstionem
346 1135 429 1150 nominum
441 1135 462 1150 sit
473 1135 580 1151 communitas

206 1159 327 1178 univocationis,
336 1164 386 1180 quum
394 1159 414 1175 sit
421 1159 528 1175 communitas
534 1164 580 1180 gene-

206 1184 228 1200 ris
238 1184 258 1200 ad
269 1184 340 1205 species;
350 1186 403 1200 umen
415 1186 462 1205 prout
472 1184 537 1200 uomins
550 1184 579 1200 ists

205 1211 291 1225 sumuntur
303 1209 320 1224 in
332 1208 369 1228 Deo,
381 1209 398 1224 in
410 1214 442 1229 quo
457 1213 488 1225 non
501 1211 525 1224 est
539 1209 579 1225 ratio

205 1233 292 1254 superioris
301 1235 317 1249 et
328 1233 414 1252 inferioris,
423 1238 450 1249 seu
460 1234 550 1250 communis
560 1239 579 1250 ac

204 1258 283 1279 specislis,
289 1260 313 1273 est
321 1258 427 1274 communitas
436 1258 548 1278 proportionis.
554 1259 580 1274 Αι,

204 1285 257 1298 tamen
268 1282 360 1303 pradicatio
371 1287 403 1303 qua
413 1282 492 1303 processio
503 1283 579 1303 praedica-

204 1310 230 1323 tur
242 1308 261 1323 de
272 1308 374 1328 generatione
388 1309 404 1323 et
416 1307 503 1328 spiratione
517 1308 578 1327 divina,

204 1332 294 1348 communis
308 1334 331 1348 εει
343 1337 372 1353 per
383 1332 492 1348 omnimodam
506 1332 579 1348 identita-

607 1087 686 1103 l‘rocessio
699 1089 753 1102 autem
766 1087 824 1102 umoris
837 1087 859 1102 nil
872 1087 916 1103 sddit
931 1087 985 1107 perf&

606 1112 669 1130 ctionis,
678 1111 705 1127 sed
716 1111 769 1132 potius
779 1111 798 1127 de
808 1111 869 1127 rstione
879 1111 984 1132 perfectionis

606 1136 682 1152 diminuit
695 1141 698 1152 :
712 1136 772 1152 idcirco
785 1140 870 1152 commune
883 1136 941 1152 retinet
953 1141 983 1152 no-

606 1166 648 1179 men,
654 1163 670 1176 et
677 1163 743 1177 vocatur
751 1161 836 1181 processio.
841 1160 899 1176 Tamen
908 1161 924 1176 in
933 1166 983 1182 qusn-

606 1188 639 1201 tum
648 1190 677 1206 per
685 1185 750 1201 modum
758 1190 804 1201 suum
814 1185 918 1205 distinguitur
925 1187 982 1201 contra

605 1210 730 1230 generationem,
746 1209 812 1226 sortitur
829 1210 898 1230 speciale
916 1214 981 1229 nomen,

606 1235 647 1255 quod
660 1237 683 1250 est
694 1234 767 1255 spiratio,
777 1236 793 1250 et
805 1234 828 1250 sic
840 1234 890 1250 Filius
902 1239 934 1250 non
947 1239 982 1255 pro-

605 1259 652 1274 cedit.
664 1259 699 1275 Haec
710 1258 798 1274 Udalricus.

625 1283 665 1299 Hinc
672 1283 694 1299 ait
701 1283 785 1299 Dursndus
793 1288 797 1299 τ
806 1283 865 1299 Nomen
874 1283 982 1304 processionis

606 1308 658 1329 primo
667 1308 730 1324 videtur
740 1308 789 1324 fuisse
799 1308 893 1329 impositum
904 1308 923 1324 ad
934 1308 982 1329 signi-

605 1333 687 1349 ficandum
701 1335 762 1348 motum
776 1333 894 1353 pmgressivum
907 1333 981 1349 animali-

992 425 1044 436 ,Ιοι-ιι.
1050 428 1070 437 π.
