1088 1569
38 306 46 316 r.
53 303 87 314 sus·

33 721 70 732 ,νιιιιι
71 725 93 734 ιιιιι

32 738 45 748 ιε.

281 133 302 144 Ab
312 133 350 147 Quos
360 132 396 144 nn
406 132 491 144 nwmsms
501 132 552 144 msam
562 133 629 145 svnt-ros
639 132 693 144 sana-n

846 128 877 144 55³

120 175 139 192 Et
150 176 208 196 primo,
217 180 236 191 an
247 176 267 191 ad
277 175 377 191 irrationales
388 177 474 191 creaturas.
482 175 495 191 Α
503 175 577 191 videlicet
586 175 640 196 gratim
650 175 788 195 inhabitationem,
796 177 812 191 et
821 180 877 196 quain-

98 200 166 216 Videtur
173 201 216 221 quod
224 201 253 219 sic,
262 201 299 221 quia
307 200 404 220 hujusmodi,
413 202 431 216 ut
438 202 476 216 tem-

98 225 152 246 plum,
163 225 210 244 calixt,
220 227 236 241 et
248 225 342 244 consimilia,
353 225 429 241 dicuutur·
440 230 476 241 san-

98 249 174 266 ctil'icari⁴
183 258 203 261 —
210 249 283 266 Secundo
294 250 376 270 quaeritur,
390 252 444 266 utrum
456 250 475 265 ad

98 275 194 290 exsistentes
209 275 225 290 in
239 274 304 290 caritate
316 277 331 290 et
343 275 399 295 gratia.
412 274 442 290 Sed
455 275 475 290 ad

99 299 130 315 hoc
138 299 185 315 modo
193 304 287 320 responsum
297 301 325 315 est⁴
334 308 354 311 —
362 299 419 318 Tertio,
428 304 447 315 an
456 299 475 315 ad

99 324 181 340 Christum
189 324 277 339 secundum
288 326 360 339 naturam
370 326 474 344 assumptam

99 348 167 364 Videtur
176 348 218 369 quod
228 353 266 367 non,
274 348 312 368 quia
321 353 331 364 a
340 348 393 369 primo
403 348 475 364 incarna-

100 372 149 388 tionis
159 372 224 388 instanti
234 372 265 388 tuit
275 372 355 393 perfectus
366 373 382 388 in
392 372 436 388 omni
444 373 475 388 vir-

99 399 134 413 tuto
146 399 162 413 ot
173 397 230 417 gratia.
241 405 260 408 —
271 397 334 416 Quarto,
347 402 367 413 an
379 397 398 413 ad
411 397 475 418 angelos

99 424 163 438 sanctos
170 422 242 442 aliosque
249 422 309 437 Beatos.
314 422 380 437 Videtur
387 422 429 442 quod
438 427 474 440 non,

99 446 138 467 quia
149 446 183 467 jam
198 446 287 462 consistunt
300 447 316 462 in
330 447 403 465 termino,
416 449 432 462 st
446 451 475 462 nec

98 471 151 492 gratia
162 476 190 487 nec
200 471 251 491 gloria
262 473 329 492 augetur
340 471 355 487 in
367 471 412 492 ipsis⁴

120 496 208 512 Dicendum
216 496 235 512 ad
246 496 322 516 primum,
331 496 373 516 qnod
382 496 436 512 missio
443 500 475 512 non

99 523 124 536 est
136 521 167 536 nisi
182 520 202 536 ad
217 523 298 537 creaturas
311 521 382 537 caritatis
394 523 410 537 et
421 520 476 541 gratim

99 545 199 566 susceptivas
208 550 211 561 z
220 546 262 566 quod
273 545 392 562 irrationalibus
399 550 431 561 non
439 550 476 561 con-

100 570 144 586 venit
156 570 239 586 creaturis.
250 579 269 581 —
279 570 301 586 Ad
314 570 378 586 tertium
392 570 476 591 responde-

100 597 126 610 tur
133 594 221 610 secundum
229 595 312 615 quosdam,
318 595 360 615 quod
368 595 388 610 ad
396 595 475 611 Christum

99 619 188 635 secundum
198 622 296 640 assumptam
307 619 422 635 humanitatom
432 619 476 635 nulla

100 643 187 659 invisibilis
198 644 254 660 missio
267 644 309 660 facta
324 644 349 663 sit,
362 644 383 660 ob
398 644 475 660 rationem

101 670 201 689 prmtactarm
210 668 278 684 visibilis
286 673 324 685 vcro
331 668 386 684 missio
394 669 413 684 ad
422 668 475 689 ipsum

100 695 124 708 est
132 692 179 711 facta,
188 693 207 708 ad
218 693 362 709 manifestationem
372 693 427 713 gratim
437 693 477 709 iute-

102 717 154 736 rioria,
168 719 185 733 nt
197 718 213 733 in
226 717 302 733 descensu
315 717 398 733 columbas.
411 717 441 733 Alii
453 717 477 733 di—

101 744 145 760 cunt,
159 742 201 762 quod
213 742 232 757 ad
247 742 317 758 animam
329 742 386 758 Christi
399 742 441 758 iacta
453 744 476 758 est

502 200 538 216 dam
552 200 595 216 circa
605 200 672 220 gratiam
688 200 739 221 ipsam
751 200 876 216 innovationem.

503 225 563 241 ldcirco
573 225 591 240 ad
602 229 657 241 ornnes
669 225 688 240 lit
694 225 753 242 ,missio
764 225 850 240 invisibilis
861 225 877 240 in

502 249 562 270 quibus
573 249 677 265 inveniuntur
687 249 720 265 hzse
732 250 769 265 duo.
777 249 821 265 Unde
831 251 846 265 et
857 250 876 265 ad

502 276 565 290 sanctos
573 274 631 290 veteris
639 274 734 290 Testamenti
744 279 762 290 ac
771 274 810 295 legis
819 276 878 290 naturas

503 299 544 315 lacta
556 301 580 315 est
591 299 677 315 invisibilis
690 299 745 315 missio
758 299 827 320 Spiritus
839 299 878 315 San>

502 324 529 342 cti,
538 324 570 339 imo
580 325 596 339 et
605 323 647 339 Filii.
655 323 687 339 Nec
696 324 748 340 obstat
758 324 797 339 illud
807 324 877 342 Ioannis,

502 348 571 369 Spiritus
586 348 657 364 nondum
670 350 703 364 erat
718 348 769 367 datus,
782 348 821 369 quia
833 348 877 364 lesus

503 373 573 389 nonduin
582 373 613 389 tuit
619 373 718 393 glorificatus
724 378 728 388 ε
734 373 772 394 quia
780 373 810 389 hoc
817 373 877 388 dictum

503 400 526 413 est
539 398 559 413 do
571 398 599 413 ills
611 398 674 414 datione
689 397 758 418 Spiritus
773 397 825 413 Sancti
841 402 878 413 cum

503 422 548 442 signu
559 422 619 438 visibili
630 427 666 442 quae
676 421 719 438 facta
728 424 752 438 est
762 422 779 437 in
789 422 815 438 dia
825 422 879 437 Pente«

503 449 560 465 costes,
573 447 598 462 vel
613 447 632 462 de
647 446 748 467 plenitudine
763 446 831 462 dationis
846 451 878 467 qua

485 471 496 487 B
503 471 549 487 datus
557 471 605 487 estin
616 471 708 491 evangeliea
718 471 757 491 lege.
766 471 805 487 Hinc
814 476 878 492 quoque

503 496 591 512 secundum
599 495 689 516 profectum
698 496 762 511 virtutis
769 498 879 516 augmentum-

504 525 535 541 que
551 520 606 541 gratim
621 520 640 536 tit
657 520 742 536 invisibilis
759 520 819 536 missio,
835 520 879 536 Unde

504 547 561 565 quarto
571 545 590 560 dc
600 545 677 561 Trinitate
687 545 758 565 loquitur
767 545 865 565 Augustinus
874 549 877 560 :

504 570 548 585 Tunc
555 570 614 590 cuique
622 569 692 585 mittitur
700 569 754 588 Filius,
763 574 813 590 quum
823 574 833 585 a
840 574 879 590 quo-

504 599 552 615 quam
560 594 661 614 cognoscitur
668 596 716 614 atquo
726 594 820 615 percipitur,
829 598 879 614 quan-

504 621 538 634 tum
548 619 621 639 cognosci
631 621 647 634 et
658 618 719 639 percipi
730 621 782 639 powst
792 623 821 639 pro
831 621 878 639 captu

504 644 529 659 vol
540 643 639 664 proficientis
650 643 666 659 iu
676 643 731 662 Deum,
739 643 765 659 vel
776 643 851 664 perfecus
862 643 878 659 in

505 668 535 684 Deo
546 668 604 684 animae
615 668 702 684 rationalis.
714 668 749 684 Haec
760 668 833 684 Thomas.

524 693 583 709 Verum
590 695 645 709 contra
653 693 669 708 id
677 693 720 713 quod
728 692 751 708 ait
758 692 835 713 Spiritum
843 692 880 708 San-

505 720 548 733 ctum
560 722 591 733 non
602 722 636 733 esse
649 717 715 733 missurn
727 717 746 733 ad
758 717 838 733 Christum
851 721 879 732 seu

504 742 523 757 ad
533 742 603 758 animam
613 742 654 762 ejus.
663 742 693 757 nisi
704 742 720 757 in
731 741 816 758 collatione
824 742 879 762 gratim

102 766 189 782 invisibilis
201 766 256 782 missio
268 766 285 782 in
297 766 382 782 collatione
394 767 449 787 gratim
461 769 477 782 et
486 767 497 783 c
504 768 520 782 et
526 767 581 787 gloria
588 767 604 782 in
612 771 641 782 sua
648 767 759 787 conceptione,
764 766 813 787 objici
822 768 878 787 potest,

101 791 157 811 gloriis
168 796 208 812 quas
220 791 236 807 in
249 791 359 812 conceptionis
371 796 403 807 suas
415 792 477 812 accepit

102 816 159 835 initio3
172 817 227 836 postea
238 820 276 832 vero
290 816 334 831 nulls
348 816 368 831 ad
383 821 419 832 eum
435 816 477 832 lacta

101 842 125 856 est
136 840 197 859 missio,
205 840 281 860 quoniam
292 840 336 856 nulla
347 840 389 856 facta
399 843 423 856 est
434 841 478 857 inno-

101 865 145 881 vatio
157 865 199 881 circa
210 865 278 885 gratiam
290 865 331 885 ojus.
339 874 359 877 —-
366 865 389 881 Ad
401 867 476 886 quartum

101 890 193 908 dicendum,
202 890 244 910 quod
256 890 331 905 similiter
344 890 360 905 in
373 890 424 905 Beatis
436 890 477 906 lacta

101 916 126 930 est
133 914 188 930 missio
199 914 285 930 invisibilis
295 915 333 930 dum
344 915 366 930 eis
375 914 432 930 iniusae
440 917 477 930 sunt

100 938 152 959 gratia
159 940 175 954 et
181 938 232 959 gloria
237 943 241 954 ι
246 940 262 954 et
269 939 342 959 quamvis
349 943 380 955 non
389 938 477 959 proliciunt

102 963 118 979 in
127 963 194 984 praemio
204 963 284 979 essentiali
294 965 321 978 aul
329 963 400 982 caritate,
409 968 437 984 per
447 963 477 979 hoc

102 990 155 1003 tamen
167 992 198 1003 non
210 987 271 1003 tollitur
280 987 320 1008 quin
331 988 389 1008 aliqum
399 992 444 1004 novae
454 993 477 1003 re-

102 1012 189 1028 velationes
199 1011 240 1028 iiant
250 1012 279 1029 eis.
287 1012 376 1028 secundum
388 1017 427 1033 quas
440 1017 477 1028 con-

101 1038 170 1057 surgunt
183 1037 203 1052 ad
217 1036 245 1052 Dei
259 1041 336 1056 amorem,
349 1041 380 1053 non
395 1039 412 1052 ut
426 1037 476 1057 magis

504 792 547 812 quod
554 792 599 812 juxta
607 791 695 812 praehabita
705 791 771 812 ponitur
777 791 836 812 triplex
844 791 880 807 mis-

504 816 528 832 sio
535 816 571 832 sssii
581 816 613 834 Dei,
623 818 661 837 puta
671 816 687 831 in
697 818 773 835 mentem,
782 816 798 831 in
808 820 878 834 earnem,

504 843 520 856 et
530 841 549 856 ad
562 841 680 861 praedicandum
690 845 693 856 :
702 843 718 856 ot
728 842 805 861 quantum
817 840 836 856 ad
849 842 880 855 ter-

504 865 542 881 tiam
556 865 599 881 illam
614 865 672 881 missus
684 867 709 881 est
720 870 729 880 a
740 865 800 886 Spiritu
815 865 878 883 Sancto,

504 890 546 905 sicut
555 890 577 905 ait
588 889 603 905 in
614 890 659 908 lsaia,
667 889 686 905 Et
697 894 740 905 nunc
750 889 826 905 Dominus
835 889 879 905 misit
885 895 952 908 axv-vnum

504 919 530 930 me
542 916 558 930 et
569 914 637 935 Spiritus
650 914 693 934 eju83
707 915 782 935 itemque,
796 914 879 934 Evangeli-
885 919 951 932 tunnis

504 944 539 955 zare
548 939 646 959 pauperibus
653 938 697 954 misit
704 943 734 954 mc.
739 939 797 954 Rursus
805 939 822 954 in
830 938 879 954 Evan—

503 963 545 984 gelio
557 963 608 979 fertur
618 968 622 979 :
634 963 692 979 Ductus
704 965 728 979 eat
739 963 784 979 lesus
796 968 805 979 a
817 963 878 984 Spiritu
891 967 952 980 uuum,

504 988 520 1004 in
533 988 619 1003 desertum,
629 987 648 1003 Et
659 988 701 1003 sicut
712 988 778 1008 exponit
788 988 878 1008 Gregorius,
886 984 896 994 ¹*

503 1013 558 1035 ductio
570 1012 597 1028 ills
608 1012 638 1028 ruit
650 1017 658 1028 a
670 1012 731 1033 Spiritu
743 1012 805 1031 Sancto,
816 1012 878 1033 fuitque

504 1037 559 1053 missio
569 1037 646 1058 qusedarn.

102 1063 130 1077 aut
137 1061 216 1077 intensius
225 1064 285 1080 ament,
293 1062 320 1077 sed
329 1064 346 1077 ut
353 1061 384 1077 sub
391 1061 422 1077 alia
430 1062 477 1078 ratio-
484 1063 496 1078 D
523 1062 599 1078 Pmteroa
610 1062 634 1077 his
644 1066 680 1082 qnae
689 1067 709 1077 ex
719 1062 778 1078 Thomu
789 1062 832 1078 dieta
841 1065 879 1078 sunt

103 1091 122 1102 ue
133 1091 179 1102 amor
191 1091 246 1102 eorum
259 1086 337 1107 dirigatur
348 1086 365 1102 in
377 1086 433 1102 Deum.
441 1086 476 1103 ΗΜ

102 1110 176 1126 Thomas.

122 1135 193 1155 Denique
207 1135 224 1151 in
237 1135 289 1156 prima
301 1138 345 1156 parte
357 1136 426 1152 Summae
438 1140 476 1154 susa,

102 1160 190 1181 quaestione
197 1160 319 1181 quadragesima
326 1160 377 1179 tertia,
386 1160 408 1176 ait
415 1165 418 1176 ι
424 1160 477 1176 Missio

101 1185 121 1201 de
128 1185 153 1201 aui
163 1185 223 1200 ratione
233 1185 309 1205 importat
319 1185 361 1205 quod
369 1185 396 1200 ille
405 1185 433 1205 qui
441 1185 477 1201 mit-

100 1210 146 1228 titur,
155 1209 180 1225 vel
189 1209 255 1230 incipiat
265 1214 300 1225 esse
308 1209 335 1225 ubi
346 1209 390 1230 prius
400 1214 432 1225 non
440 1209 476 1228 i'uit.

101 1234 143 1250 sicut
153 1234 169 1249 in
181 1233 229 1249 rebus
238 1234 295 1249 creatis
304 1238 340 1254 quae
350 1234 391 1249 mitti
402 1234 478 1250 dicuntur

101 1258 189 1279 contingit3
197 1258 222 1274 vol
233 1258 300 1279 incipiat
309 1263 344 1274 esse
352 1258 378 1274 ubi
388 1259 433 1279 prins
440 1258 476 1277 luit,

101 1283 128 1299 sed
139 1283 208 1303 quodam
219 1287 260 1298 novo
270 1283 317 1299 modo
325 1287 329 1298 :
337 1283 392 1303 sicque
401 1283 478 1299 adscribi-

101 1310 128 1324 tur
135 1307 191 1323 missio
200 1307 259 1323 divinis
270 1308 347 1328 personis.
355 1307 395 1324 Hinc
406 1308 422 1324 in
432 1312 451 1324 eo
458 1308 477 1324 ad

101 1337 150 1353 quem
161 1332 181 1348 fit
190 1332 251 1351 missio,
259 1332 291 1348 duo
300 1332 401 1348 considerare
409 1335 477 1353 oportet,

504 1087 523 1102 de
536 1086 613 1102 invisibili
626 1087 702 1103 missione
713 1086 781 1107 Spiritus
793 1086 847 1103 Sancti
859 1087 878 1102 ad

504 1113 585 1127 creaturas
598 1111 697 1127 irrationales
708 1113 724 1127 et
735 1111 754 1127 ad
766 1111 839 1127 homines
852 1111 879 1128 bo-

504 1141 533 1152 nos
540 1138 588 1156 atque
596 1136 615 1151 ad
625 1136 695 1156 angelos,
704 1138 719 1151 et
729 1136 748 1151 dc
758 1136 834 1153 missione
843 1136 878 1156 ejus

504 1160 520 1176 in
532 1162 618 1181 augmento
627 1160 683 1180 gratias
694 1165 713 1176 ac
724 1160 796 1181 profectu
808 1160 878 1179 virtutis,

504 1185 593 1200 Alexander
600 1185 693 1205 concordat3
699 1185 725 1200 sed
734 1185 753 1201 do
760 1185 835 1201 missione
842 1190 880 1205 qno-

504 1210 523 1225 ad
536 1209 621 1228 Christum,
634 1209 681 1225 aliter
693 1209 752 1225 sentiro
763 1210 832 1225 videtur.
846 1209 878 1228 Est,

505 1234 584 1254 inquiens,
600 1233 654 1250 missio
670 1234 740 1249 exterior
754 1234 847 1254 corporalis,
863 1236 879 1250 et

504 1260 528 1274 est
540 1258 595 1274 missio
607 1258 674 1274 interior
685 1258 778 1279 spiritualis*
791 1258 843 1274 Prima
855 1261 879 1274 est

505 1283 612 1299 manifestatio
623 1283 665 1299 sacta
675 1283 745 1299 exterius
756 1283 772 1298 in
782 1284 836 1304 specie
846 1288 879 1299 cor<

505 1308 562 1329 porali,
570 1308 640 1324 secunda
651 1310 675 1324 est
685 1308 792 1324 manifestatio
803 1308 844 1324 facta
856 1308 879 1324 in-

505 1333 554 1349 terius
562 1333 578 1348 in
585 1332 644 1348 ellectu
653 1332 739 1353 spirituali.
744 1332 796 1348 Prima
803 1333 879 1349 missione
