1088 1569
212 124 242 141 258

373 129 388 141 ικ
399 129 454 140 uotum
465 129 470 140 1
481 128 602 140 smmmnuu.
613 132 632 135 -
643 127 681 139 nist.
693 127 720 143 ΙΙΙ;
731 127 788 141 0111831,
799 127 827 138 vnt

212 177 249 188 nem
263 172 283 187 ad
297 171 378 192 objectum
390 171 468 187 debitum.
481 171 528 191 Origo
542 170 585 186 enim
594 170 606 185 Α
634 170 721 186 Coneordat
731 169 824 188 Richardus,
833 169 900 185 dicendo
909 174 912 185 :
921 168 989 184 Maxime

212 196 300 217 prasertim
310 196 397 212 attenditur
407 196 458 217 quoad
469 198 519 211 ectus.
528 195 559 211 Nec
570 195 586 210 in

212 221 294 237 intellectu
306 223 329 237 est
339 221 412 239 verbum,
424 220 454 236 nisi
465 220 503 236 dum
516 222 552 236 ectu
564 220 587 235 in-

212 246 270 266 telligit
278 250 282 261 z
291 246 329 266 quia
339 248 356 261 ut
366 245 388 261 ait
396 245 493 266 Augustinus
502 244 519 260 in
528 248 587 260 sermo-

212 275 232 286 ne
244 271 264 286 de
276 270 383 286 sacratissimo
394 270 453 286 Ioanne
468 269 543 290 Baptista,
556 273 587 285 vox

212 299 261 311 sonus
268 296 293 311 ost
299 297 315 310 et
322 295 368 310 index
376 294 480 315 cogitationis,
486 294 553 310 verbum
561 298 588 309 au-

213 321 245 335 tem
257 322 281 335 est
291 319 365 339 cogitatio
376 320 416 340 ipsa.
425 319 543 337 Verumtamen,
555 323 593 338 quo-

213 344 256 360 niam
264 346 309 360 ectus
318 349 349 360 non
359 346 396 359 sunt
403 343 547 359 consubstantiales
556 343 588 359 ani-

213 373 243 384 mm
251 368 292 384 sicut
302 368 383 388 potentiss,
392 372 420 384 nec
430 370 461 383 tam
473 367 588 388 inseparabiles

212 392 233 408 ab
241 393 295 408 eedem
303 397 306 408 ι
313 392 350 408 hinc
358 392 434 413 assignari
443 397 474 408 non
482 392 530 408 debet
536 392 588 412 imago

213 417 230 433 in
238 417 299 433 unitate
307 417 379 433 essentia
388 417 446 432 animm
456 419 471 432 et
480 416 550 432 trinitate
560 416 588 432 Ιιο-

214 446 249 457 rum
257 444 321 457 actuum
330 444 397 460 tantum,
405 442 433 457 sed
441 441 457 457 iu
466 441 527 457 unitate
536 445 588 456 essen-

614 195 701 210 attenditur
711 195 762 215 imago
772 194 788 210 in
798 194 852 209 anima
863 198 891 214 per
901 193 990 209 conversio-

615 224 651 235 nem
663 219 748 238 memoris,
757 218 867 239 intelligentia
877 221 893 234 et
902 218 990 234 voluntatis

614 244 634 260 ad
642 244 699 263 Deum;
708 243 761 259 minus
769 248 798 264 per
805 243 925 259 conversionem
933 247 989 258 earum

615 269 634 284 ad
649 269 719 285 animam
734 268 785 289 ipsam
794 273 798 288 ;
814 268 948 289 impropriissime
962 272 990 283 vo-

616 298 638 312 ro,
647 298 676 314 per
683 293 803 309 conversionem
811 298 867 309 earum
877 292 896 308 ad
907 292 990 308 inferiora.

615 318 750 337 Quemadmodum
761 318 804 333 enim
815 317 923 338 corporalium
937 322 990 333 rerum

615 343 667 363 imago
678 343 751 358 consistit
762 343 778 358 in
792 342 849 361 tribus,
859 341 990 363 quorum'unum

615 370 639 383 est
647 367 716 388 partium
723 367 796 383 ordinata
803 367 894 387 distinetio;
902 367 991 382 secundum

616 392 653 408 inde
667 396 772 412 consequens,
788 392 921 407 lineamentorum
937 391 992 407 debita

615 416 699 437 figuratio:
707 417 778 435 tertium,
787 416 845 432 coloris
851 416 947 432 assimilatio
955 420 959 431 z
967 415 992 431 sic

616 441 668 462 imago
680 442 711 457 ista
723 440 882 462 proportionabiliter
894 440 925 456 sita
938 442 962 456 est
974 440 992 456 in

213 466 239 482 tiae
246 469 262 482 et
269 466 340 482 trinitate
348 466 459 487 potentiarum,
465 466 487 481 ita
494 465 536 486 quod
545 466 558 481 si
566 470 588 481 as-
598 465 609 481 Β
617 466 723 486 potentiarum
738 466 784 486 quasi
801 465 817 481 in
834 465 904 486 partium
919 465 992 481 ordinata

213 491 285 511 signetur
293 491 309 506 in
317 490 392 511 potentiis
402 492 449 511 prout
456 492 494 506 sunt
502 490 517 506 in
525 490 588 506 actibus

213 515 252 534 suis,
258 515 348 536 expressior
355 517 379 531 ost
386 515 444 535 irnsgo.
449 514 485 531 flac
494 514 587 530 Richardus.

233 564 278 580 Modo
292 564 397 585 quoerendum
410 566 439 583 est,
453 566 526 584 respectu
542 563 589 584 cujus

213 589 273 610 objecti
283 589 358 605 consistat
368 589 420 609 imago
428 589 444 604 in
454 588 524 609 pmfatis
534 590 589 609 poten-

214 614 241 630 tiis
251 616 267 629 et
277 614 339 629 actibus
349 613 412 629 animm,

234 639 257 654 Ad
265 638 307 659 quod
316 638 427 654 Bouavcntura
437 638 532 658 respondet:
541 638 558 653 ln
567 642 590 653 ra-

214 663 258 679 tione
265 663 339 683 imaginis
346 664 409 683 oportet
417 667 540 683 praesupponere
548 662 588 678 tria:

215 688 291 708 primum,
300 687 342 708 quod
352 687 404 707 imsgo
412 687 484 703 consistit
494 687 510 702 in
519 687 590 707 perfecta

214 711 326 728 conformitate
341 712 360 727 sd
375 712 488 732 imnginatum3
501 711 589 727 secundum

215 738 244 755 eat,
257 736 300 757 quod
313 736 328 751 id
341 736 383 756 quod
395 736 504 752 conformatur
517 736 589 756 imagini,

616 490 727 510 distinctione;
735 492 751 506 et
761 490 777 506 in
788 495 843 506 sarum
854 492 909 505 mutua
918 490 993 510 adaequa-

616 516 664 534 tioue,
675 515 721 536 quasi
734 515 749 530 in
763 515 896 531 lineamentorum
909 514 993 535 figuratio-

616 545 642 559 ne,
650 540 667 556 in
678 542 756 561 quantum
767 540 844 555 memoria
855 539 929 555 meminit
941 539 966 555 sui
976 541 993 555 et

616 564 725 585 intelligentia!
734 569 752 580 nc
761 564 852 582 voluntatis.
861 567 877 580 et
887 564 992 584 intelligentia

617 589 691 609 intelligit
702 594 719 605 se
728 592 744 605 et
754 589 847 605 memoriam
858 593 876 604 ac
887 588 992 607 voluntatem,

617 614 690 630 voluntas
700 619 764 635 quoque
773 614 807 629 vult
817 618 834 629 se
844 616 860 629 et
870 613 992 634 intelligentiam

617 641 665 659 etque
676 639 779 659 memoriam3
790 640 806 654 et
817 638 864 654 tertio
875 638 891 654 iu
903 638 993 659 spiritualis

617 663 761 679 transformationis
770 662 885 679 assimilatione
893 667 896 678 ι
906 662 948 683 quod
960 667 994 678 ma-

618 688 660 704 xime
672 690 696 704 est
708 692 737 708 per
748 688 869 704 conversionem
885 687 994 708 potentiarum

618 713 684 728 istarum
697 712 716 728 ad
730 712 785 728 Deum.
798 712 838 728 Hinc
851 712 867 728 in
883 712 913 727 ista
927 716 995 727 conver·-

618 737 662 753 sione
669 737 689 752 ad
697 737 746 753 Deum
753 737 826 752 consistit
834 736 916 757 potissime
924 736 995 757 comple-

215 761 324 777 conformatur
338 761 386 777 etium
403 761 488 781 imaginato
498 765 502 781 ς
518 760 589 779 tertium.
599 762 610 778 C
618 762 640 778 tio
651 762 724 782 imaginis
735 761 817 777 Trinitatis
828 761 844 777 in
855 761 915 777 anima.

215 786 258 806 quod
264 785 318 801 anima
326 785 413 801 secundum
421 790 458 801 suas
466 785 545 806 potentias
553 790 591 801 eon-

215 810 271 826 formis
287 810 306 826 tit
319 810 343 826 his
358 810 377 826 ad
390 815 426 830 quae
439 810 543 829 convertitur,
557 811 590 825 tam

215 835 303 851 secundum
318 834 425 855 cognitionem
440 839 487 855 quam
502 834 590 850 secundum

215 864 292 875 amorem.
301 859 352 877 Ouum
361 864 398 879 ergo
407 859 459 879 imago
468 859 560 874 attendatur
569 863 591 874 se-

215 884 286 900 cundum
294 884 427 901 conformitatem.
432 886 448 899 et
454 884 508 899 anima
515 884 534 899 ad
541 883 591 899 Deum

215 913 233 924 se
242 909 350 925 convertendo
359 908 468 924 conformetur
478 908 530 924 eidem
539 913 543 924 z
553 908 591 923 hinc

216 933 268 954 imago
278 933 305 949 Doi
316 933 388 949 consistit
398 933 415 948 in
425 933 460 948 istis
471 933 547 953 potentiis
557 933 591 948 ani-

216 963 246 974 mae
262 958 350 974 secundum
365 958 407 978 quod
422 957 482 973 hahent
497 957 545 973 Deum
563 962 591 978 pro

216 982 284 1003 objecto*
301 982 366 1001 Rursus,
379 982 455 1002 quonium
471 982 524 998 anima
539 982 591 1002 imago

216 1009 240 1023 est
247 1007 280 1026 Dei,
289 1009 305 1023 et
312 1007 354 1027 quod
362 1006 472 1022 conformatur
479 1006 544 1027 imagini
554 1011 592 1022 con-

217 1032 296 1048 formatur
308 1034 324 1047 et
336 1031 422 1052 imaginato
435 1036 439 1047 z
453 1031 489 1047 idco
500 1031 554 1048 anima
566 1036 591 1047 se-

638 787 681 802 ldem
691 786 751 805 Petrus,
760 786 787 806 qui
798 788 814 802 et
823 786 867 802 addit
876 790 879 801 t
888 786 941 804 Quoad
951 786 995 802 ordi-

618 816 655 827 nem
668 811 775 832 potontiarum
787 813 804 826 et
818 810 925 831 &qualitatem
937 815 994 826 earum

618 836 660 852 inter
671 840 693 854 se,
705 838 721 851 et
734 840 763 856 per
774 835 909 856 comparationem
920 835 939 851 ad
949 835 996 855 obje-

618 862 667 879 ctum,
677 862 728 881 potest
738 860 770 876 (lici
782 860 834 880 imago
844 860 931 876 consistere
942 860 995 880 magis

619 885 635 901 in
645 885 772 901 consideratione
782 884 833 905 ipsius
844 885 906 903 animm,
915 889 951 905 quae
961 889 996 900 ma-

618 910 642 930 gis
657 909 739 930 adoequata
754 911 777 925 cst
791 914 824 925 sun
837 909 962 930 apprehensioni
978 911 995 924 et

618 934 706 953 dilectioni,
717 939 766 954 quam
777 934 823 952 Deus,
835 934 863 954 qui
876 936 900 949 est
911 933 994 954 objectum

619 964 653 974 eam
665 959 681 974 in
693 958 776 974 infinitum
786 959 905 974 transcendens.

638 983 660 999 De
668 983 698 999 hoc
705 983 774 999 Thomas
786 983 842 999 scribit
850 983 928 1003 prolixius
935 983 967 1001 hic,
978 985 995 998 ot

619 1008 636 1024 in
644 1008 696 1029 prima
704 1010 754 1028 parte,
759 1008 846 1028 quastione
854 1008 955 1028 nonagesima
963 1010 997 1023 ter-

620 1033 646 1048 tia⁴
659 1033 687 1048 Hic
700 1032 759 1048 etenim
772 1032 794 1048 ait
807 1037 810 1048 ι
823 1032 875 1053 Imago
886 1032 925 1048 dicit
937 1037 997 1053 repr-a&-

216 1057 288 1073 cundum
299 1057 341 1077 quod
353 1056 451 1072 convertitur
461 1056 480 1072 ed
491 1061 514 1074 se,
525 1061 556 1072 non
568 1061 592 1072 re-
600 1059 611 1074 Ι)
619 1058 724 1073 sentationem
738 1062 836 1078 expressam.
849 1057 927 1078 Expressa
941 1059 995 1073 autern

216 1082 259 1097 cedit
266 1086 276 1097 a
283 1081 310 1097 Dei
320 1081 437 1097 conformitate.
446 1081 485 1097 Hine
494 1081 546 1101 imago
555 1086 592 1097 con-

217 1106 259 1122 sistit
276 1106 292 1122 in
309 1106 334 1121 his
352 1105 427 1126 potentiis
443 1105 531 1121 secundum
549 1105 591 1126 quod

217 1131 277 1147 liabent
286 1131 356 1146 animam
368 1135 397 1151 pro
406 1130 474 1150 objecto.
483 1130 512 1146 Sed
523 1130 561 1146 dum
572 1130 591 1146 ad

218 1156 302 1175 inferiores
318 1154 417 1171 convertitur
433 1156 519 1173 creaturos,
536 1155 592 1175 eisque

217 1180 332 1198 conformatur,
343 1179 359 1195 in
370 1179 429 1200 quibus
439 1184 470 1195 non
481 1181 505 1195 cst
514 1179 541 1195 Dei
553 1180 592 1195 ima-

216 1210 242 1226 go,
255 1205 315 1221 recedit
327 1209 336 1220 e
349 1204 410 1220 ratione
423 1204 503 1224 imaginis,
516 1204 555 1224 quia
569 1209 593 1220 re-

217 1230 260 1246 cedit
271 1235 281 1245 a
293 1229 319 1245 Dei
333 1229 449 1245 conformitate.
463 1229 498 1245 ldeo
510 1229 591 1249 objectum

217 1255 276 1271 virium
289 1254 346 1270 anima
359 1254 374 1269 in
387 1253 447 1274 quibus
462 1253 521 1269 relucet
534 1254 592 1274 imago,

217 1280 306 1296 secundum
317 1279 359 1299 quod
372 1279 387 1294 in
398 1278 422 1294 eis
433 1278 485 1299 imago
496 1278 592 1299 resplendet,

217 1307 241 1320 est
253 1304 319 1325 proprie
330 1303 379 1323 Deus3
393 1303 450 1319 deiude
462 1305 477 1319 et
490 1303 549 1322 anima,
561 1308 592 1319 non

218 1329 300 1345 interior..
309 1329 344 1344 linc
355 1328 471 1344 Bonaveutura.

621 1082 739 1103 repraesentatio
748 1082 831 1097 Trinitatis
841 1084 865 1097 est
879 1082 895 1097 in
906 1082 957 1097 tribus
967 1086 998 1102 po-

620 1106 674 1122 tentiis
687 1106 744 1122 animm
757 1109 822 1127 propter
834 1106 912 1127 quinque.
925 1106 996 1124 Quorum

620 1132 652 1147 duo
664 1136 680 1147 sc
695 1133 750 1146 tenent
762 1136 781 1147 ex
797 1133 841 1152 parte
856 1131 919 1150 anima),
934 1130 998 1147 scilicet

621 1156 727 1177 potentiarum
738 1155 895 1172 consubstantialitas
906 1158 954 1176 atque
963 1155 998 1171 dis-

620 1180 676 1196 tinctio
682 1185 686 1196 :
692 1180 752 1196 idcirco
760 1180 872 1196 indifferenter
881 1185 898 1196 so
907 1180 965 1196 nabent
973 1185 998 1196 re-

620 1207 676 1226 spectu
684 1205 792 1226 quorumlibet
801 1204 907 1225 objectorum.
916 1204 950 1220 Alia
957 1209 998 1221 vero

621 1230 656 1248 tria,
666 1229 740 1245 videlicet
752 1229 839 1250 mqualitas,
850 1229 894 1247 ordo,
902 1231 918 1245 et
929 1229 999 1245 actualis

621 1254 694 1273 imitatio,
703 1256 802 1270 concernunt
809 1253 872 1274 objecta
881 1258 884 1269 :
893 1254 929 1269 ideo
937 1253 999 1270 habent

621 1284 638 1295 se
646 1279 676 1294 tria
685 1279 719 1294 hmo
729 1278 835 1294 diversimode
845 1280 918 1299 respectu
929 1278 1000 1294 diver-ao-

622 1308 657 1319 rum
669 1303 774 1323 objecturum
788 1302 840 1319 Potest
854 1305 907 1319 autom
919 1302 998 1323 assignari

622 1328 638 1344 in
648 1328 723 1349 potentiis
733 1328 791 1343 animm
801 1327 861 1348 duplex
870 1327 958 1348 aquatius,
966 1327 999 1343 sei-
