1088 1569
209 127 239 143 534

380 132 395 144 m
406 133 461 144 uano!
472 133 477 144 1
488 132 609 144 smmum!-
620 137 640 140 —
651 132 690 144 nls'r.
701 132 732 148 xv;
743 132 800 146 unsar.
812 133 817 145 1

210 180 236 191 me
248 175 263 190 in
275 175 339 191 divinis*
348 175 404 191 Divina
415 175 476 196 quippe
488 180 555 195 persona
565 175 585 191 ab
593 174 606 190 Α
613 175 671 190 missus
682 175 721 190 nulli
733 175 767 191 loco
777 175 828 194 abest,
838 175 873 191 ideo
884 180 915 191 non
925 177 990 195 oportet

210 200 265 215 eadem
277 204 345 220 persona
354 200 409 216 divina
419 200 478 221 accipit
487 204 521 215 esse
531 202 547 215 et
554 200 586 215 vir-

210 226 260 240 tutem
268 227 316 245 atque
324 224 491 240 auctoritatem—Ad
499 225 585 240 terminum

210 253 274 270 quoque
282 252 383 270 eomparatur
391 249 446 265 missio
454 249 485 265 sub
494 249 552 270 triplici
561 249 586 265 ha-

210 274 289 290 bitudine.
297 274 355 293 Primo,
364 276 380 289 ut
391 274 406 289 in
415 279 433 290 eo
443 274 524 294 quietetur
533 279 536 290 z
545 274 586 289 sicut

211 298 251 319 lepis
266 298 335 314 mittitur
349 299 429 314 deorsum*
442 299 520 317 Secundo,
535 300 552 314 ut
566 298 586 314 ab

211 323 239 339 illo
253 323 330 339 habeatur
343 328 347 339 2
360 323 402 339 sicut
415 323 483 339 mittitur
495 323 554 339 donum
567 323 586 338 ad

212 348 322 368 recipientem.
330 348 388 366 Tertio,
399 350 416 363 ut
428 348 471 364 eirca
484 348 535 366 illum,
544 348 587 363 vide-

211 373 249 388 licet
262 372 354 391 terminum,
367 373 428 393 aliquid
440 375 516 393 operetur
529 377 532 388 ι
546 373 587 388 sicut

212 397 278 417 angelus
290 397 309 412 ad
322 397 403 413 hominem
416 402 464 418 quem
476 397 551 413 custodit.
561 397 588 413 Se-

212 422 282 437 cundum
291 422 331 437 hanc
342 426 405 442 qnoque
416 422 495 442 triplicem
506 426 588 442 compara-

212 446 271 462 tionem
280 448 303 462 est
311 446 366 462 missio
374 446 390 462 in
398 446 462 462 divinis*
471 446 538 462 Mittitur
546 451 588 462 nam-

614 200 655 220 quod
666 200 718 216 ionum
729 200 799 219 accedat,
810 202 881 216 mutetur
889 202 917 216 aut
926 205 990 216 moves⁴

613 226 640 240 tur
648 229 651 240 :
660 227 713 240 tamen
723 225 757 240 loco
767 225 815 245 hujus
823 227 846 240 est
854 225 877 240 ibi
884 225 954 245 alicujus
963 229 991 240 no-

614 249 629 265 vi
639 249 707 265 effectus
717 249 806 270 productio.
815 249 850 265 Hae‘c
860 249 975 265 Bonaventura.

633 274 653 289 Αι
660 279 698 290 vero
705 274 725 290 de
732 274 763 290 alia
772 276 817 295 parte
826 274 911 295 propositas
918 274 992 295 quaestio-

615 298 645 317 nis,
654 299 728 314 videlicet
736 299 795 319 quibus
805 299 877 319 personis
886 299 945 314 :livinis
953 303 991 314 con-

615 323 668 339 veniat
676 323 739 339 mittere
746 326 762 339 et
769 323 817 342 mitti,
826 323 882 339 scribit
892 323 992 339 Bonavcutu-

615 353 632 364 ra
641 353 644 363 :
652 348 705 363 Missio
714 348 739 368 (ut
749 350 792 368 patet
801 353 820 364 ex
831 348 892 364 ratione
899 348 991 368 Augustini,

614 375 630 388 et
646 372 688 388 infra
705 372 772 393 patebit)
785 377 850 393 semper
867 373 899 388 duo
916 373 991 391 includit,

615 397 689 413 videlicet
697 397 814 413 emanationem
822 399 837 413 et
846 397 991 413 manifestationem

615 422 659 437 missi
672 426 702 442 per
715 421 797 437 effectum.
811 422 830 437 Et
845 422 920 442 quoniam
935 422 992 438 missio

615 446 657 462 dicta
670 447 732 467 passive
743 451 806 467 semper
817 446 893 467 importat
904 447 992 463 emanatio-

212 476 244 491 que
256 471 305 486 Filius
318 473 333 486 et
347 471 395 486 etiam
408 471 477 492 Spiritus
488 471 556 487 Sanctus
568 471 587 486 ad
595 471 606 487 B
615 475 658 489 nem,
671 471 762 487 nullatenus
777 471 852 487 convenit
866 471 914 490 Patri,
929 471 968 492 quia
982 476 992 487 a

212 496 289 516 quosdam
297 496 316 511 arl
325 495 476 514 inhabitandum,ad
485 496 562 516 quosdam
570 498 588 511 ut

213 520 313 541 possideatur
320 520 340 536 ab
350 520 373 536 eis
382 522 399 536 ut
409 521 474 539 donum,
483 520 502 536 ad
510 520 587 541 quosdam

212 545 231 561 ad
244 545 358 561 conferendum
371 545 453 561 effectum.
463 545 520 565 Sicque
533 545 588 561 missio

213 574 241 590 per
251 570 386 590 comparationem
397 570 417 585 ad
428 570 520 588 terminum,
529 570 589 590 plenis-

212 595 252 610 sime
260 594 276 610 in
284 594 343 610 divinis
351 594 429 613 consistit,
437 595 488 610 multo
496 595 532 615 plus
539 599 587 615 quam

212 619 228 635 in
237 619 363 635 creaturis.-—Si
372 621 425 635 autem
433 619 518 640 loquamur
525 619 545 634 de
553 619 588 635 mis-

212 644 257 659 sione
268 644 284 659 in
296 644 414 664 comparatione
425 644 444 659 ad
456 644 528 663 missum,
537 644 560 659 sic
571 644 587 659 in

212 668 316 684 inferioribus
329 668 374 689 ponit
386 668 466 689 triplicem
480 668 587 684 conditionem

212 693 343 713 imperfectionis,
347 693 421 709 videlicet
428 693 548 714 separationem.
553 693 588 708 sub-

212 718 304 738 jectionem,
312 719 328 733 et
337 718 441 733 mutationem
451 722 454 733 :
463 722 499 738 qum
509 722 539 733 non
551 720 588 733 sunt

212 742 229 758 in
242 742 307 761 divinis,
320 742 336 758 in
349 742 408 762 quibus
423 744 475 758 tamen
488 744 511 758 est
526 742 587 762 aliquid

616 495 660 511 nullo
667 497 731 511 emanat
740 500 743 511 :
752 495 812 511 idcirco
819 495 832 511 si
842 495 901 511 alicubi
912 495 993 516 legeretur

615 520 660 536 Pater
668 520 731 539 missus,
740 522 782 536 esset
790 522 865 540 tanquam
874 520 962 541 improprie
970 520 993 536 di<

615 547 659 561 etum
670 545 789 565 exponendum.

635 569 651 585 Si
660 571 712 585 autem
722 569 746 585 itis
754 569 846 590 objiciatur,
853 569 894 590 quod
903 570 992 585 secundum

615 594 721 614 Augustinum
733 596 790 614 quarto
801 594 820 610 de
831 594 913 613 Trinitate,
922 594 993 610 mittitur

616 618 665 634 Filius
676 623 726 639 quum
736 623 755 634 ex
766 621 837 639 tempore
849 619 865 634 in
876 621 929 634 mente
938 619 993 639 cujus-

616 648 664 664 quam
677 643 778 663 percipitur:
787 643 814 659 sed
827 643 876 662 Puer,
886 643 919 659 imo
930 645 947 659 et
959 643 994 659 ‘rri-

616 668 657 683 nitas
664 670 702 686 tota,
710 672 729 683 ex
737 670 809 688 tempere
818 668 907 688 percipitur
914 670 968 683 mente
976 668 992 683 in

616 697 648 713 qus
656 692 725 712 gratiose
735 697 753 708 ac
763 692 832 708 dulciter
841 692 905 708 advenit
913 697 931 708 ac
941 697 994 709 mora-

616 719 642 732 tur
650 721 653 732 :
662 721 700 737 ergo
709 719 742 732 tam
752 716 797 732 Pater
807 721 855 737 quam
863 717 932 733 Trinitas
943 717 994 733 mitti-

616 743 647 757 tur.
655 750 675 753 -
682 741 764 760 Praetema,
773 741 821 760 mitti,
829 744 853 757 est
861 746 946 762 personam
954 742 994 758 divi-

213 767 339 787 correspondens
351 767 376 782 his
387 767 444 782 trihus.
455 767 471 782 ln
484 766 588 782 inferioribus
598 768 608 784 C
616 771 652 782 narn
668 766 687 782 de
702 770 743 782 novo
755 766 810 782 venire
822 766 841 782 ad
855 766 960 782 habitandum
976 767 991 782 in

213 791 256 807 enirn
267 793 350 812 separatur
357 791 415 807 missus
422 796 431 807 a
440 791 512 807 mittente
523 793 588 812 propter

213 816 304 832 distantiam
317 816 381 831 termini
394 820 403 831 a
415 816 488 831 mittente
501 820 504 831 ε
518 818 535 831 ιιι
549 816 587 832 dum

212 840 283 861 aliquem
295 840 341 856 mitto
353 840 424 859 Romam,
432 845 441 856 a
453 845 484 861 qua
497 841 543 859 disto,
552 841 588 857 ideo

212 865 225 881 si
234 865 292 881 missua
299 869 309 880 a
318 870 344 880 me
354 865 436 885 perveniet
446 865 517 884 Romam,
525 867 588 886 oportet

212 890 254 910 quod
262 891 345 910 separetur
353 894 362 905 a
370 894 400 905 me.
409 890 426 905 In
434 889 493 905 divinis
501 894 544 908 vero,
551 894 588 910 quo-

212 914 255 930 niam
263 914 305 930 Deus
313 914 378 930 mittens
387 914 448 935 ubique
455 916 484 933 cst,
493 919 524 930 non
533 916 556 930 est
565 910 587 930 ibi

212 939 288 954 distantia
300 939 377 954 mittentis
389 943 398 954 a
410 939 479 955 termine
492 939 572 955 missionis
584 944 587 955 τ

213 964 248 980 ideo
256 963 314 979 missus
322 968 353 979 non
361 965 444 984 separatur
452 968 481 979 nec
488 964 572 984 elongatur
579 969 588 979 a

213 988 298 1008 mittente;
312 988 347 1004 loco
359 990 411 1004 tamen
425 988 473 1008 hujus
486 990 510 1004 est
522 988 566 1004 missi
579 993 588 1004 a

213 1013 287 1029 mittente
294 1013 369 1033 egressio,
377 1013 411 1028 sive
418 1013 503 1029 emanatio.
512 1013 589 1029 Similiter

214 1038 230 1053 in
239 1037 341 1053 inferioribus
351 1039 375 1053 est
382 1037 426 1053 missi
435 1037 514 1058 subjectio
524 1040 590 1058 propter

615 791 668 807 corde.
676 791 706 807 Sed
719 791 749 807 hoc
760 791 787 807 toti
801 791 876 807 convenit
886 791 960 807 Trinitati
973 796 991 807 ac

615 816 662 834 Patri,
673 816 715 832 sieut
726 816 749 831 ait
760 816 844 831 Salvator:
853 816 876 831 Ad
888 820 925 831 eum
937 816 991 832 venie-

615 874 634 877 —
647 865 718 885 Insuper,
731 865 786 881 missio
799 867 873 881 connotat
885 865 962 881 effectum
976 865 991 881 in

615 892 693 905 creatura.
702 889 731 905 Sed
741 889 794 910 regula
802 891 831 908 est,
840 890 881 910 quod
890 894 949 906 nomen
957 895 994 906 con>

616 916 673 930 notans
683 914 765 933 effectum,
774 916 798 930 est
808 914 893 930 essentiale
901 919 905 930 z
914 919 952 935 ergo
964 914 993 930 toti

616 939 692 959 competit
705 938 783 954 Trinitati.
792 948 812 950 —
820 939 884 957 lterum,
895 941 927 954 tres
940 943 994 959 perso-

616 968 641 979 me
650 963 766 984 inseparabiles
776 965 818 982 suut,
828 967 859 979 non
870 968 907 983 ergo
917 968 950 979 una
959 963 994 979 sine

616 988 648 1004 alia
659 988 734 1003 mittitur.

641 1012 728 1028 Dicendum
744 1013 763 1028 ad
781 1012 850 1033 primurn
867 1015 883 1028 et
898 1013 993 1031 secundum,

617 1037 659 1058 quod
670 1042 699 1053 nec
711 1037 793 1058 perceptio
803 1037 819 1053 in
831 1039 890 1056 mente,
899 1042 928 1053 nec
938 1037 994 1053 venire

215 1062 323 1078 differentiam
334 1062 412 1078 mittentis
419 1067 429 1078 a
436 1062 490 1078 misso.
498 1062 537 1080 Quia
546 1062 589 1078 enim
598 1065 609 1080 n
617 1064 633 1078 et
640 1064 710 1077 mentem
719 1062 812 1080 inhabitare,
819 1062 837 1077 ad
847 1062 923 1078 rationem
932 1062 995 1078 suffieit

216 1087 273 1103 missua
284 1087 341 1107 recipit
352 1092 361 1102 a
372 1087 445 1102 mittente
456 1092 490 1102 esse
502 1089 529 1102 aut
539 1087 590 1103 virtu-

215 1114 247 1127 tem
262 1111 287 1127 vel
303 1111 418 1131 operationem,
433 1113 449 1127 et
464 1111 590 1127 substantialiter

215 1136 270 1151 diflert
280 1136 300 1151 ab
310 1140 334 1154 eo,
345 1140 409 1151 necesse
419 1138 442 1151 est
450 1136 492 1156 quod
501 1136 549 1151 aliam
559 1136 590 1152 vir-

214 1163 264 1176 tutem
275 1160 295 1176 ab
305 1165 324 1176 eo
334 1160 406 1181 recipiat,
414 1163 430 1176 et
438 1160 485 1176 aliam
493 1161 590 1181 jurisdictio-

214 1190 251 1201 nem
259 1185 287 1201 illa
295 1185 427 1201 inferiorem.8ed
435 1185 452 1200 in
460 1185 519 1201 divinis
527 1190 558 1201 non
566 1188 590 1201 est

214 1210 306 1226 differentia
320 1209 435 1228 substantialis,
448 1209 484 1225 ideo
498 1210 553 1226 omnia
567 1210 589 1225 ibi

214 1237 251 1251 sunt
257 1234 322 1255 aqualis
331 1234 419 1250 nobilitatis
427 1234 443 1250 in
451 1234 525 1250 mittente
532 1236 548 1250 et
555 1235 590 1250 mis-

214 1264 232 1275 so
240 1264 244 1275 z
252 1261 322 1275 attamen
331 1259 366 1275 loco
375 1259 423 1279 hujus
431 1261 455 1275 est
462 1259 485 1274 ibi
493 1259 591 1275 subauetnri-

215 1284 252 1300 tatis
261 1284 346 1300 emanatio.
356 1284 372 1299 ln
381 1283 485 1299 inferioribus
493 1288 558 1304 quoque
567 1286 590 1300 est

216 1309 232 1325 in
240 1309 289 1325 misae
299 1309 371 1329 quiedam
382 1309 448 1324 mutatio
459 1310 524 1329 propter
531 1309 591 1324 dinan>

217 1334 255 1349 tiam
268 1333 312 1349 missi
324 1338 333 1348 a
346 1333 420 1349 termino.
434 1333 450 1349 ln
464 1333 523 1348 divinis
536 1335 589 1349 autem

618 1086 704 1105 missionis,
712 1086 785 1107 quamvis
793 1086 876 1102 sufficiant
883 1091 902 1102 ex
911 1089 956 1107 partc
964 1089 995 1102 ter-

618 1111 657 1127 mini
673 1111 692 1127 ad
707 1116 755 1132 quem
769 1116 773 1127 τ
788 1111 847 1127 idcirco
862 1111 932 1131 exigitur
946 1112 994 1127 etiarn

617 1136 697 1152 emanatio
707 1141 726 1151 ex
736 1138 782 1156 parte
792 1135 855 1151 termini
864 1140 873 1151 a
883 1140 920 1156 quo.
928 1136 996 1156 Propter

618 1161 660 1181 quod
671 1160 742 1181 loquitur
749 1160 852 1181 Augustinus,
861 1160 903 1181 quod
913 1160 960 1176 Pater
967 1161 995 1176 ab·

617 1185 711 1201 surdissime
723 1185 782 1201 dieitur
793 1185 857 1200 missus.
865 1194 885 1196 —
893 1185 915 1201 Ad
928 1185 994 1201 tertium

618 1210 752 1230 respondendum,
761 1210 802 1230 quod
812 1214 869 1225 nomen
878 1211 966 1225 connotans
974 1210 995 1225 ef>

618 1234 677 1250 tectum
685 1236 713 1250 aut
719 1234 771 1250 solum
779 1234 819 1250 dicit
828 1236 918 1254 respectum
926 1234 946 1249 ad
954 1234 994 1250 effe

618 1261 667 1277 ctum,
674 1261 690 1274 et
697 1259 720 1274 sic
728 1261 752 1274 est
760 1263 799 1279 pure
806 1258 896 1277 essentiale,
905 1260 922 1274 ut
930 1263 991 1279 creare3

618 1286 645 1299 aut
652 1283 691 1299 dicit
699 1288 735 1299 cum
744 1283 773 1299 hoe
781 1285 871 1304 respectum
879 1283 898 1299 ad
908 1288 991 1303 personam

618 1308 694 1327 divinam,
703 1308 758 1329 sicque
769 1310 820 1329 potest
829 1313 864 1323 esse
873 1308 954 1324 notior-ute
963 1313 967 1324 :
976 1311 991 1324 ut

618 1338 671 1349 creare
681 1337 709 1353 per
716 1332 780 1351 Filium,
789 1332 831 1353 quod
842 1332 870 1348 soli
881 1332 957 1348 convenit
966 1332 992 1348 Pa-

1001 821 1041 832 lona.
1053 825 1062 833 ¹.

615 845 656 859 mua,
665 842 681 856 et
693 841 791 856 mansionem
804 841 846 861 apud
857 845 894 856 eum
907 840 990 856 faciemus.
998 837 1005 847 ²
