1088 1569
280 131 301 143 ΑΝ
312 131 379 143 ΕΡΙΒΠΙἹΒ
389 130 456 143 sanetus
467 130 510 142 PRWS
520 130 599 143 ΡΙΙΟΟΕΏΔΤ
609 132 619 143 Δ
631 131 680 143 nnis

838 126 868 144 48³

89 174 209 194 separationem
218 179 221 190 ε
231 176 247 190 ιιι
257 174 295 190 dum
305 179 361 190 manus
372 174 436 195 projicit
446 174 468 189 la—
475 173 487 189 A
495 174 524 189 iste
539 176 563 189 est
576 174 620 193 ordo,
633 175 675 195 quod
690 175 706 190 in
721 174 766 190 Patre
778 177 802 191 est
817 175 869 195 primo

90 198 152 219 pidem,
160 200 176 214 et
187 199 228 219 lapis
240 199 319 219 impulsus
332 199 400 219 impellit
411 198 467 216 alium.

88 225 107 238 et
119 223 147 238 ille
161 223 232 239 tertium.
245 223 284 239 Alias
296 223 380 239 includunt
395 223 467 239 ordinem

88 252 110 263 ac
122 247 247 267 distinctionem,
261 252 292 264 non
305 248 422 269 separationem
434 252 438 263 z
451 249 468 263 ut

88 272 130 288 dum
142 272 206 288 Creator
218 275 270 288 movet
286 275 381 291 erecturam,
394 274 466 293 respectu

88 297 138 317 eujus
148 297 182 317 ipse
194 299 217 312 est
228 297 290 317 primus
300 299 317 312 et
327 301 400 312 summus
410 298 466 314 motor,

89 323 107 337 et
117 321 190 337 diversus
200 321 221 337 ab
232 326 260 340 ea3
269 326 300 337 non
311 323 364 337 autem
378 323 466 342 separatus,

89 345 167 366 quonism
180 346 215 366 ipse
229 346 285 361 intime
299 348 375 366 operatur
387 346 403 361 iu
416 345 468 361 omui-

90 370 128 386 bus.
137 370 175 386 Alias
185 370 241 386 dicunt
251 370 323 386 ordinem
335 372 397 386 tentum
406 375 409 386 :
418 372 434 385 et
444 370 467 385 sie

90 395 137 410 Pater
151 397 167 410 et
181 395 230 410 Filius
245 395 321 415 spirando
336 394 413 415 Spiritum
428 394 467 410 San-

90 421 134 435 ctum
143 424 174 435 nou
182 419 242 435 habent
249 419 368 435 distinctionem
376 419 427 440 quoad
436 419 468 434 vim

90 444 190 464 spimtivnm,
204 444 242 464 quia
256 444 318 464 spirant
333 446 350 459 nt
365 448 424 463 unum;
437 448 467 459 neo

495 200 562 218 utraque
574 198 663 214 fecunditas
676 199 738 219 (utpote
750 199 841 219 generativa
853 201 870 215 et

495 223 579 243 spirativa)
585 228 594 238 a
602 228 624 238 se.
630 223 708 242 Secundo,
716 225 740 239 est
749 223 764 239 in
772 223 817 239 Patre
824 225 869 239 actus

495 247 551 268 primae
563 247 671 266 fecunditatis,
684 250 700 263 et
712 250 750 264 tunc
765 248 781 264 in
794 248 833 264 Filio
846 250 870 264 est

495 272 564 287 secunda
573 272 665 290 fecunditas¹
670 272 732 288 scilieet
739 273 870 293 spirativaquam

495 301 524 317 per
532 297 652 317 generationem
662 297 724 318 aee-epit
733 302 743 313 a
753 297 802 313 Patre.
811 297 869 316 Tertio,

494 323 539 337 actus
547 321 620 337 secundas
628 321 730 337 fecunditatis
740 321 788 337 simul
796 324 819 337 est
827 327 836 337 a
843 321 871 337 Pa-

495 347 519 361 tre
529 348 545 361 et
555 346 600 364 Filio,
609 346 705 362 habentibus
715 349 754 362 tunc
764 346 811 362 simul
824 347 870 362 istam

495 370 614 389 secunditatem,
624 373 676 386 tamen
687 376 724 386 cum
735 371 789 392 aliquo
801 371 869 387 ordine:

495 395 571 415 quoniam
584 395 612 411 ille
623 397 668 411 actus
681 397 705 411 est
717 395 768 411 Patris
780 400 789 411 a
801 400 823 414 se,
834 395 869 411 Filii

495 421 548 435 autem
556 424 588 436 non
595 424 605 435 a
615 425 637 439 se,
646 420 674 435 sed
684 425 693 436 a
702 420 756 440 Patre3
765 420 807 436 sicut
817 425 846 436 nee
854 420 870 435 in

495 444 565 460 secundo
573 444 618 465 signo
625 447 649 460 est
655 444 685 460 ista
693 444 782 460 fecunditas
788 444 823 460 Filii
831 449 840 460 a
847 449 870 463 se,

90 468 214 489 separationem,
231 468 259 484 sed
276 468 348 484 ordinem
366 470 433 487 tautum,
451 468 467 483 in
477 468 488 483 B
495 469 522 484 sed
532 469 582 484 Patris
591 474 600 484 ι
608 474 631 485 se.
639 469 672 485 Non
680 471 704 485 est
711 474 749 489 orgo
757 469 796 485 ordo
804 469 871 489 originis

90 495 169 514 quantum
180 498 222 508 unus
229 493 249 508 ab
260 493 297 509 alio.
306 493 341 509 Hac
349 492 410 508 Petrus.
420 501 438 504 —
446 492 468 508 Ea

89 522 128 533 voro
140 522 176 538 quas
187 517 207 533 de
219 517 244 533 liis
256 517 330 533 scribunt
339 517 434 536 Alexander,
443 517 468 533 Ri-

90 543 166 561 cbardus,
175 542 251 563 AElgfflius.
260 544 348 558 consonant
358 542 467 563 praeinduetis.

107 567 188 583 Postremo
196 567 258 583 modice
267 569 329 587 tangam
338 567 376 587 quid
384 567 427 582 circa
435 566 468 582 brec

90 592 174 612 scripserit
185 591 241 607 Scottis
250 596 254 607 2
263 592 316 610 Actus,
327 592 385 612 inquit,
397 591 469 607 conside-

92 617 124 632 rari
137 618 189 637 potest
201 616 285 637 tripliciter
296 621 300 632 z
311 616 369 636 primo,
380 616 396 631 in
409 620 435 635 se,
445 620 469 631 se-

91 641 150 659 cundo,
162 641 178 656 in
193 643 271 661 quantum
286 643 310 656 est
325 640 402 660 termini3
415 641 467 659 tertio,

92 667 140 686 prout
154 667 256 686 comparatur
268 665 287 681 ad
302 665 385 686 supposita
399 665 467 685 agentia.

91 690 148 706 Primis
161 690 223 706 duobus
234 690 285 706 modis
297 692 322 705 est
332 690 424 705 omnimoda
436 689 469 705 uni-

92 715 167 733 tennitas,
172 715 197 730 vel
206 715 258 735 potius
266 714 343 733 unitaein
351 716 387 730 actu
395 714 467 734 spirandi

91 744 123 760 quo
132 739 178 755 Pater
185 741 201 755 et
211 739 260 755 Filius
270 740 332 760 spirant
342 739 420 759 Spiritum
430 738 469 754 San-

496 493 537 509 inter
545 493 647 514 spirationem
656 493 706 509 Patris
713 498 731 509 ac
741 493 782 512 Filii,
791 494 835 514 quasi
844 493 872 509 Pa-

495 520 519 533 ter
528 518 578 539 spiret
589 518 605 534 in
615 518 669 539 aliquo
680 519 726 539 signo
735 519 802 539 originis
812 518 828 534 in
839 523 871 539 quo

496 542 545 558 Filius
557 547 588 558 non
601 543 651 563 spiret
664 548 667 558 :
682 543 714 559 imo
729 543 745 559 in
757 543 813 559 eodem
825 543 871 564 signo

495 567 562 587 originis
571 567 619 583 simul
629 568 696 588 spirant.
705 567 731 583 ΓΜ
741 570 794 583 tamen
803 567 824 583 ibi
832 568 871 584 ordo

496 592 592 612 spirantium
600 592 616 607 in
627 592 708 612 spirando,
716 592 793 613 quoniam
802 592 847 608 Pater
854 592 870 608 in

496 616 524 631 illo
532 616 578 632 tertio
588 616 633 636 signo
641 616 707 636 originis
717 616 767 637 spirat
774 621 783 632 e
791 621 813 635 se,
822 616 871 632 Filius

497 645 527 656 non
537 645 547 656 a
557 645 579 656 se.
588 650 608 652 —
615 640 728 656 Verumtamen
740 641 796 656 asserit
806 641 871 661 qnidam

496 665 556 683 doctor.
564 665 607 685 quod
617 665 663 681 Pater
673 665 724 686 spirat
735 665 846 686 principaliter
856 667 872 681 et

497 689 602 710 principalius
611 694 614 705 ε
624 690 738 710 principaliter,
749 690 821 710 inquam,
833 694 872 710 quo-

497 714 539 730 niam
551 715 616 735 propria
626 714 729 734 auctoritate,
738 716 754 730 et
766 714 872 735 principalius

496 738 541 757 Filio,
555 739 582 759 qui
595 739 706 755 auctoritatem
719 739 790 760 spirandi
803 739 851 755 babet
862 744 872 755 a

91 766 134 780 ctum
146 769 149 780 τ
161 764 199 784 quia
213 764 297 779 verissime
313 768 343 779 una
359 766 383 779 est
397 764 438 779 actio
453 762 486 779 etC
496 763 601 779 PstreAEilius
609 768 646 779 vero
653 766 715 779 tantum
723 764 834 785 principaliter·
841 764 872 785 spi·

92 793 133 804 unus
144 789 223 804 terminus
234 788 326 809 productus.
335 788 392 804 Verum
403 788 469 808 loquen—

91 814 111 829 do
119 813 166 829 tertio
176 813 228 832 modo,
237 817 268 829 non
276 815 300 828 est
309 812 401 828 omnimoda
409 812 469 828 unifor-

92 838 140 854 mitas
148 842 151 853 ε
160 838 237 858 quoniam
249 837 290 853 sicut
302 837 325 853 vis
337 837 414 857 spirativa
426 841 469 853 coin-

92 862 184 878 munioatur
197 862 237 878 Filio
249 867 258 878 a
270 862 321 880 Patre,
331 862 352 877 ita
365 862 407 882 quod
420 861 469 877 Filius

92 887 148 907 spiret,
159 886 207 902 babet
216 891 226 902 a
235 886 288 906 Patre;
299 886 354 907 sicque
364 886 410 902 Pater
419 886 470 906 spirat

92 916 101 927 s
111 917 135 930 se,
147 911 196 927 Filius
208 916 239 927 non
250 916 260 927 ι
270 916 292 926 se.

110 936 142 952 Sed
150 935 199 956 objici
208 938 260 956 potest
267 935 290 951 sic
299 940 303 951 :
312 935 357 951 Pater
364 936 409 956 prius
419 935 470 956 spirat

91 960 170 981 Spiritum
178 960 254 976 Sanctum
261 964 310 980 quem
318 960 371 975 Filius
376 960 421 976 Pater
429 960 470 975 anim

91 985 143 1006 spirat
150 985 167 1001 in
177 985 230 1006 primo
240 985 285 1005 signo
294 985 367 1005 originis,
376 985 392 1000 in
403 989 435 1005 quo
443 984 470 1000 lia-

92 1010 118 1026 bet
131 1010 177 1025 Pater
188 1014 198 1025 a
213 1014 230 1025 se
242 1014 277 1025 esse
291 1011 307 1025 et
319 1009 385 1030 spirare.
399 1009 418 1024 Et
432 1011 470 1025 tunc

93 1034 142 1050 Filius
152 1039 184 1050 non
195 1034 275 1055 spiraret:
284 1034 322 1055 quia
332 1034 345 1049 si
353 1034 422 1054 Spiritus
432 1033 470 1049 San-

497 790 525 807 rst,
539 788 577 809 quis
589 790 662 809 respectu
675 788 744 809 Spiritus
758 788 811 805 Sancti
824 789 872 804 lisbet

496 813 612 829 auctoritatem.
624 813 669 828 Alius
683 813 738 829 doctor
750 813 844 829 contradicit
856 815 872 829 et

496 837 541 856 dicit,
550 837 592 858 quod
603 842 634 853 non
645 839 669 853 est
678 837 699 853 ibi
710 837 765 858 aliqua
774 838 872 858 comparatio

497 862 562 882 proprie
577 862 619 877 dicta
631 862 647 877 in
662 862 716 882 aliqua
729 862 779 878 forms
794 867 831 881 una,
844 862 871 878 sed

497 888 559 902 tantum
572 886 588 902 in
599 891 638 902 voce
646 891 650 902 2
658 886 792 907 quemadmodum
805 886 871 902 Micbsel

496 911 556 927 dieitur
566 911 636 927 sanctior
648 911 725 929 damone,
734 911 761 927 ubi
772 913 797 927 est
809 913 871 927 tentum

497 936 594 956 comparatio
606 936 694 951 secundum
706 940 767 954 vocem,
776 938 792 951 et
804 940 836 951 nou
848 940 872 952 se-

497 961 567 976 cundum
578 960 648 981 aliquam
661 960 728 976 formam
739 965 841 976 communem
854 961 871 976 in

498 987 565 1005 utroque
581 987 652 1000 extremo
667 985 776 1004 exsistentem,
790 985 823 1001 imo
838 985 871 1001 lioec

498 1009 554 1028 forma,
564 1009 639 1025 videlicet
651 1009 732 1028 sanctitas,
744 1011 768 1025 est
780 1012 842 1025 tantum
855 1010 871 1026 in

497 1034 581 1054 Michaelo;
590 1034 611 1050 ita
620 1034 730 1055 principalitas
740 1034 771 1050 ista
778 1036 802 1050 est
810 1036 871 1051 tantum

93 1061 127 1075 etus
145 1059 261 1079 intelligeretur
276 1059 321 1079 prius
338 1059 397 1074 habere
412 1063 447 1074 esse
461 1063 470 1074 a
479 1059 490 1074 D
498 1059 514 1074 in
524 1059 574 1077 Patre,
583 1061 600 1074 ut
612 1058 654 1074 idem
663 1059 684 1074 nit
693 1058 755 1074 Patrem
766 1059 872 1080 principalius

94 1083 138 1099 Patre
149 1088 198 1104 quam
209 1088 218 1099 a
229 1083 274 1102 Filio,
283 1085 322 1099 tunc
331 1083 380 1099 Filius
392 1088 423 1099 non
435 1088 471 1104 pro-

94 1108 159 1124 duceret
170 1108 248 1129 Spiritum
260 1107 336 1123 Sanctum
348 1108 381 1128 jam
394 1108 471 1123 exsisten-

94 1131 131 1148 tem.
139 1141 160 1144 —
167 1132 254 1153 Responsio
262 1137 266 1148 2
275 1132 296 1148 De
307 1132 341 1148 istis
348 1132 432 1148 ordinibus
442 1137 470 1148 seu

94 1157 182 1178 originibus
190 1159 238 1177 atque
245 1157 265 1172 de
272 1157 328 1172 multis
336 1157 420 1173 ordinibus
428 1157 471 1177 prio-

94 1182 144 1197 ritatis
152 1183 168 1197 et
178 1181 306 1202 posterioritatis,
314 1181 353 1197 alias
363 1181 431 1197 dieetur.
440 1181 469 1197 Sed

93 1209 171 1227 quantum
182 1206 202 1222 ad
213 1206 262 1224 istud,
271 1210 302 1222 non
313 1208 337 1221 est
349 1206 470 1226 intelligendum

94 1231 135 1251 quod
143 1230 189 1246 Pater
196 1231 246 1251 spiret
255 1233 341 1251 antequam
351 1230 406 1249 Filius,
415 1235 470 1251 quem-

94 1255 176 1271 admodum
184 1255 229 1271 Pater
236 1255 281 1276 prius
289 1255 345 1271 ordine
352 1257 417 1275 generet
424 1259 470 1275 quam

95 1280 143 1300 spiret
154 1284 158 1295 t
169 1279 207 1300 quia
219 1279 242 1295 sic
254 1279 303 1295 Filius
314 1283 345 1295 nou
358 1279 432 1300 spiraret,
441 1279 471 1295 sic-

96 1306 113 1319 ut
125 1309 155 1320 nec
166 1304 236 1325 Spiritus
248 1304 314 1320 Sanctus
329 1306 382 1324 potest
395 1309 470 1325 generare

97 1328 153 1345 Filium
165 1329 298 1349 prointellectum
308 1329 341 1349 jam
353 1329 432 1349 generari.
440 1329 470 1345 Sed

498 1083 559 1104 spirare
571 1085 587 1099 et
600 1083 711 1104 principaliter
724 1084 791 1104 spirare.
804 1092 824 1095 ——
836 1083 872 1100 Hac

498 1108 559 1124 Scotus-

518 1157 540 1173 Ad
549 1157 619 1177 primum
629 1157 677 1177 igitur
687 1158 821 1178 respondendum,
829 1158 872 1178 quod

497 1181 595 1202 Augustinus
611 1181 649 1197 illud
665 1182 712 1198 solvit
726 1182 742 1197 in
757 1182 815 1198 littera.
828 1182 871 1201 Quod

497 1209 550 1222 tamen
562 1208 578 1222 et
588 1206 635 1222 aliter
646 1206 686 1222 solvi
699 1208 757 1227 potest.
765 1206 816 1225 Quum
828 1207 871 1222 enirn

498 1231 619 1251 supergloriosa
630 1233 646 1246 et
659 1231 743 1247 adorsndae
757 1236 827 1252 personas
840 1231 872 1247 sint

498 1257 585 1274 comternoe,
594 1260 623 1271 nec
636 1255 651 1271 in
663 1255 703 1271 Filio
715 1256 760 1276 prius
772 1257 796 1271 est
807 1255 850 1271 nasci
862 1260 872 1271 a

498 1279 548 1298 Patre,
561 1284 609 1300 quom
625 1279 672 1295 simul
684 1284 720 1295 curn
735 1279 780 1295 Patre
793 1279 871 1300 Spiritum

497 1304 573 1320 Sanctum
586 1304 679 1324 producere,
691 1309 720 1320 uec
732 1304 748 1320 in
761 1304 822 1325 Spiritu
833 1304 872 1320 Son-

498 1331 524 1345 οω
534 1328 612 1349 posterius
623 1330 646 1344 est
656 1333 665 1344 a
672 1328 716 1344 Patre
725 1329 797 1349 Filioque
806 1329 870 1350 spirari,
