1088 1569
203 119 234 136 55⁶

205 169 240 187 post
247 167 373 183 lucarnationem
381 172 384 183 ε
393 167 469 188 quoniam
479 167 543 187 quidam
552 167 579 183 Pa-
586 167 598 182 Α
606 167 659 183 mizln
666 172 730 183 omnem
738 169 796 183 terrum
805 168 855 183 exivit
862 172 910 183 sonus
918 172 980 184 eorum.
988 172 1053 183 Pan-1„
1059 172 1071 181 s.

204 192 278 208 triarchas
287 197 305 208 se
316 192 397 213 Prophetes
405 192 480 208 videntur
486 192 536 208 fuisso
546 194 578 207 tarn

204 217 261 235 sancti,
270 219 287 232 ut
294 216 347 232 Sancti
355 216 450 237 evangelicae
460 217 499 237 legis
508 216 531 232 eis
540 221 579 237 prm-

205 241 266 256 ferendi
279 246 310 257 non
323 241 413 257 videantur.
423 241 466 257 Unde
478 246 527 262 super
538 241 579 257 lere-

205 266 254 281 minm
266 266 322 282 scribit
333 266 438 287 Hieronymus
447 271 450 281 :
459 266 504 282 Certe
516 266 579 282 nullum

206 292 244 311 puto
254 291 349 306 sanctiorem
360 290 409 306 fuiss'e
418 291 490 306 teremia.
499 291 551 311 Atque
560 291 579 306 de

145 319 179 330 om>
205 315 256 336 Moyse
264 315 341 336 scriptum
349 317 372 331 est
381 315 397 331 in
406 315 528 331 Deuteronomio
535 320 538 331 :
546 315 579 331 Non

133 335 191 346 ¹¹¹''''⁰'
206 340 274 355 surrexit
286 340 327 355 ultra
339 340 417 360 Propheta
429 340 470 355 sicut
482 340 546 361 Moyses.
559 340 580 355 De

131 367 198 380 unum-n.
206 364 239 380 Elia
249 369 313 385 quoque
323 364 345 380 ait
355 364 427 380 Salvator
435 369 438 380 :
447 364 487 383 Quia
495 369 546 385 quum
554 369 580 380 ve-

132 384 198 412 stiam*
206 388 253 407 nerit,
263 389 336 404 restituet
348 389 410 409 omnia,
419 389 495 409 itemque,
504 389 519 405 Si
531 389 580 404 vultis

206 413 252 432 sciro,
260 413 327 429 loannes
337 413 371 434 ipse
381 416 404 429 est
414 413 461 429 Elias.
469 413 527 434 Sicque
536 414 580 429 vide-

133 441 198 454 c-mnus
206 440 232 453 tur
239 438 305 458 :equalis
315 438 364 454 fuisse
373 438 435 457 loanni,
444 443 476 459 quo
486 438 527 454 inter
535 440 579 454 natos

374 124 389 136 ιΝ
399 124 455 136 kinnim
464 125 469 136 1
480 124 601 136 emmunim.
613 129 632 132 —
643 124 681 136 mS'r.
693 125 723 140 xv;
734 125 791 139 oumsr.
802 125 812 136 v

606 192 660 212 ltaque
675 192 804 215 distinguendum
817 193 859 213 quod
872 193 945 213 quiedam
957 194 982 208 est

606 217 661 232 missio
670 216 739 237 Spiritus
748 217 801 233 Sancti
810 217 826 233 in
837 217 982 233 communicatione

606 242 660 262 gratim
668 242 765 262 personalisss.
773 242 804 257 alia
811 244 835 257 est
845 242 899 258 missio
907 242 923 257 in
930 242 982 262 grstia

606 266 676 287 generali
689 267 761 282 ordinata
773 267 792 282 ad
805 267 926 283 conversionem
938 267 982 283 orbis

607 293 694 310 terrarum;
703 293 727 307 est
736 291 784 307 etiem
792 291 861 307 visibilis
870 293 885 307 et
896 291 983 307 invisibilis

607 315 667 331 missio.
673 315 725 331 Missio
733 315 819 331 invisibilis
826 318 842 331 et
850 316 939 336 personalis
945 318 983 331 ente

607 340 734 356 incarnationem
745 342 761 356 et
772 342 832 361 postea,
841 340 900 356 habent
912 345 929 356 sc
941 340 984 356 sicut

607 365 699 380 excedentia
711 366 727 380 et
738 369 801 380 excessa
816 370 819 380 :
833 365 871 385 quis
885 365 983 385 quibusdam

608 389 680 410 personis
691 390 727 410 plus
737 389 792 410 gratim
804 389 918 405 infundebatur
929 389 945 405 in
956 394 984 405 ve—

608 414 637 430 teri
650 414 755 433 Testamento,
764 414 859 434 quibusdam
873 415 889 430 in
902 419 948 430 ricavo⁴
957 414 984 430 Vi-

607 438 659 454 sibilis
672 441 725 454 autem
740 439 795 454 missio
809 439 846 454 talis
860 438 891 454 fuit
904 439 920 454 in
935 443 984 454 evan-

206 462 292 478 mulierum
303 467 334 479 non
345 463 405 478 exstitit
418 463 474 483 major.
483 463 580 483 Augustinus
589 462 658 484 Bgelicn
672 463 712 484 lege,
725 463 777 484 qualis
792 468 874 484 nunquan·
887 465 929 479 onte.
943 463 984 479 Hinc

205 487 253 503 etiam
265 487 281 503 in
291 487 332 503 libro
342 488 361 503 de
371 487 414 503 Bono
423 487 509 508 conjugali,
517 487 581 503 caeliba-

205 514 239 527 tum
248 512 335 528 beatissimi
345 512 409 528 loannis
419 512 493 533 Ba'ptistoe
501 516 532 528 nou
541 517 580 532 pree-

205 537 236 552 l'ert
248 537 323 557 conjugio
335 537 407 553 Abruhoe.
419 546 439 548 —
452 537 468 552 ln
481 537 579 553 contrsrium

205 564 234 580 est,
242 562 285 582 quod
293 563 357 582 tempus
364 561 460 582 evangelicae
468 561 507 582 legis
514 563 580 577 vocatur

205 586 330 602 antonomastice
342 588 404 607 tempus
415 586 475 606 gratim,

226 610 304 630 Secundo,
315 611 378 626 videtur
389 611 432 631 quod
443 611 492 626 saneti
504 615 533 631 per
543 610 581 626 mis-

205 635 266 651 sionem
277 637 293 651 et
305 635 346 651 dona
357 635 426 656 Spiritus
438 635 492 651 Sancti
505 640 536 651 non
548 635 581 651 sint

205 662 249 676 extra
264 660 347 678 mundum,
360 660 398 680 quia
411 660 474 675 realiter
486 662 551 675 manent
564 660 580 675 in

206 685 241 700 loco
253 689 287 703 suo,
298 686 313 700 et
325 684 398 700 accidens
411 687 465 700 manet
475 684 491 700 in
503 689 531 700 suo
544 684 581 700 sub

205 709 248 730 jecto
256 714 260 725 z
269 709 301 725 imo
308 709 327 725 de
335 709 374 725 Filio
382 709 409 725 Dei
420 709 502 725 incarnato
510 709 533 724 sit
539 708 581 725 Scri-

132 736 259 754 Junmoptura,
273 734 315 754 quod
331 734 346 749 in
362 734 392 749 hoc
405 734 465 749 mundo
480 735 518 749 erat⁴
532 743 551 745 —
563 733 579 748 ln

608 488 695 503 secundum
705 488 817 508 Augustinum,
826 488 899 508 quiedam
911 492 984 508 persona

607 513 666 528 veteris
681 512 720 533 legis
732 512 834 533 pertinebant
845 513 865 528 nd
878 517 941 531 novam,
955 512 984 533 qui

608 537 669 553 scilicet
685 537 715 553 sub
729 537 764 558 lege
780 537 807 553 illa
822 537 929 558 evangelicam
946 542 983 558 per-

609 562 694 578 fectionem
706 564 801 582 servarunt⁴,
812 564 828 577 ct
841 564 905 578 econtra
917 562 983 582 quidam

609 587 645 602 novi
658 586 753 602 Testamenti
766 588 839 607 spectant
851 587 871 602 ad
882 588 934 602 vetus.
946 586 984 602 Hoc

608 611 688 627 Albcrtus,

629 635 669 651 Hinc
677 636 741 656 plenius
750 635 806 651 scribit
814 635 896 651 Udalricus
904 635 946 651 libm
953 638 985 651 ter-

610 660 631 676 tio
642 664 675 676 sum
686 660 755 676 Summoe
764 665 767 676 ;
776 660 891 679 Abundeutior,
902 660 984 681 inquiens,

609 687 633 700 est
645 685 700 700 missio
711 685 727 700 in
740 689 781 700 novo
791 684 897 703 Testamento,
905 687 984 705 quantum

609 712 632 725 est
640 714 659 725 ex
668 711 712 730 perte
719 709 747 725 Dei
758 709 841 728 mittentis,
849 709 925 730 quoniam
934 709 985 730 pluri-

609 734 639 750 bus
653 736 701 754 atque
713 733 776 749 facilius
789 734 804 749 in
819 738 859 750 novo
874 735 918 754 patet
929 733 984 750 Testa>

207 758 298 779 oppositum
307 760 331 774 est
338 758 423 774 auctoritas
431 758 514 778 Augustini
524 758 539 773 in
548 760 581 773 tex—
590 757 601 774 C
609 760 662 774 mcnto
673 758 707 774 hmc
717 758 773 779 gratia.
784 758 823 774 Nam
835 758 879 778 prius
891 759 946 779 paucis
958 763 985 774 nc-

134 788 200 802 ΡΑίιι-ρμιι.
208 785 235 803 tu3
246 785 262 799 et
274 783 316 804 quod
329 783 351 799 ait
363 783 448 804 Apostolus
460 788 463 799 ε
476 782 532 799 Nostia
544 787 581 799 con-

134 805 151 815 ³⁰*
208 808 276 824 versatio
288 808 303 823 in
316 808 361 824 cmlis
371 810 404 827 θεῖς
415 809 462 828 atque
472 808 514 828 quod
525 807 581 823 usserit

207 833 304 853 Augustinus
313 837 316 848 τ
325 832 380 848 Verius
393 834 417 848 est
427 832 481 848 anima
493 832 520 848 ubi
533 834 581 850 emat,

137 862 200 875 metm..
207 862 255 878 quam
268 857 295 873 ubi
308 857 373 873 enimet.
382 857 415 873 lmo
426 859 442 873 et
453 857 524 872 Christus
533 861 536 872 :
545 857 580 875 Ubi,

134 879 151 889 Ἡ·
208 882 265 902 inquit,
271 884 295 898 est
303 882 385 897 thesaurus
393 884 436 900 tuus,
442 881 464 897 ibi
473 884 488 897 et
495 886 523 897 cor
530 884 580 897 tuum.

207 906 297 922 Thesaurus
311 908 364 922 autem
377 906 457 927 justorum
469 906 485 922 in
498 906 539 922 σωκ)
551 908 580 921 est.

208 931 248 952 Ergo
258 933 274 947 et
285 931 315 952 ipsi
326 933 364 947 sunt
374 931 402 947 ibi.

228 981 250 996 Ad
263 980 331 1001 primam
345 982 405 1001 partem
422 980 469 1000 hujus
481 979 543 1000 quaesiti
559 984 582 995 re-

207 1005 275 1026 spondet
287 1005 361 1020 Albertus
375 1004 464 1020 secundum
476 1004 581 1024 Augustinum

209 1030 260 1051 primo
270 1030 289 1045 de
297 1029 374 1045 Trinitate
383 1034 386 1045 z
395 1029 438 1048 Quod
447 1029 469 1045 ait
477 1028 581 1049 Evangelista,

609 783 706 802 til'icabatur,
715 788 765 804 quum
775 785 837 799 tentum
847 783 864 799 in
873 783 927 799 ludaee
936 786 984 799 notus
992 788 1013 799 Ρ..
1018 790 1068 801 muz.

608 810 649 824 esset
656 808 706 827 Deus;
715 810 730 823 et
738 808 754 823 hi
762 807 821 828 quibus
829 807 948 827 notificabatur,
957 813 985 824 ne-

609 832 676 853 quibant
687 837 722 848 eam
734 832 805 853 recipere
816 832 846 848 nisi
857 837 886 853 peu·
895 837 944 853 opem
955 838 985 848 sua

609 857 687 877 dispositi.
697 856 741 872 Nunc
754 859 807 872 autem
819 857 835 872 in
848 861 912 872 omnem
924 858 984 873 terram
991 862 1067 874 Pam-..s

609 881 658 897 exivit
670 886 719 897 sonus
730 886 796 901 eorum3
809 883 825 897 et
837 881 939 897 credentibus
952 886 984 897 non

609 906 660 922 solum
674 910 702 926 per
716 910 757 926 opus
771 910 840 926 operans
855 906 944 926 proprium,
957 906 984 922 sed

609 931 657 946 etiam
668 935 696 951 per
705 935 746 951 opus
756 932 839 951 operatum
851 930 921 951 ipsorum
933 935 985 947 saere-

609 957 699 971 mentorum
714 955 796 974 confertur
810 955 844 971 hoec
858 955 914 975 gratia.
928 955 946 970 Et
961 955 984 971 sic

609 981 687 1000 quantum
699 981 722 995 est
735 984 754 995 ex
767 981 811 1000 perte
822 979 877 1000 gratim
889 979 953 998 Christi,
964 980 984 995 de
991 984 1067 996 :annuant

605 1004 710 1025 ‚plenitudine
721 1004 756 1024 ejus
765 1004 862 1024 accepimus.
870 1004 930 1020 ldcirco
941 1009 984 1020 nunc

609 1028 685 1044 omnibus
695 1029 711 1044 in
719 1028 759 1044 lsaia
768 1028 827 1044 dicitur
836 1033 839 1044 z
848 1028 928 1044 Eaurietis
934 1033 985 1049 aquas
999 1033 1040 1044 lun.
1046 1034 1057 1043 ι.

138 1059 201 1072 loa-mn.
208 1054 277 1075 Spiritus
292 1055 362 1070 nondum
374 1056 408 1069 erat
423 1054 474 1072 datus,
487 1053 524 1074 quia
537 1053 583 1069 lesus
590 1053 603 1069 D
611 1053 626 1069 in
637 1053 695 1074 gaudio
705 1053 724 1069 rie
735 1053 805 1069 fontibus
815 1053 906 1069 salvatoris.
914 1053 950 1069 Dixi
958 1058 986 1069 au-

135 1076 151 1086 ³⁹·
208 1079 279 1095 nondum
293 1079 323 1094 fuit
334 1078 438 1099 glorificatus,
447 1078 526 1099 quomodo
537 1078 584 1093 intel-

208 1104 274 1124 ligituri
282 1103 313 1119 nisi
321 1103 363 1124 quod
372 1105 407 1124 post
415 1103 472 1119 Christi
480 1102 584 1123 glorificatio-

209 1133 245 1144 nem
259 1130 302 1144 tante
315 1128 344 1143 fuit
358 1128 400 1143 datio
414 1132 432 1143 ac
446 1127 500 1143 missio
514 1127 584 1148 Spiritus

208 1153 262 1169 Sancti
272 1152 331 1171 futura,
337 1152 389 1172 qualis
400 1156 483 1172 nunquam
491 1154 537 1167 antea
544 1151 581 1167 fuit.

207 1178 262 1198 Neque
269 1177 313 1193 enim
320 1178 367 1192 antea
375 1177 419 1192 nulla
427 1178 466 1195 erat,
472 1176 499 1192 sed
508 1176 543 1192 talis
551 1181 583 1192 non

209 1202 265 1218 fuerat.
276 1201 362 1222 Oportebat
374 1201 439 1222 quidem
451 1201 537 1216 adventum
549 1200 584 1221 Spi-

208 1227 249 1243 ritus
258 1226 310 1242 Sancti
321 1225 425 1242 sensibilibus
434 1225 484 1246 signis
491 1225 582 1244 monstrari,

208 1254 225 1267 ut
241 1251 352 1267 ostenderetur
366 1252 417 1266 totum
433 1250 487 1266 orbem
505 1252 583 1265 terrarum

208 1280 296 1296 omnesque
305 1277 360 1296 gentes
372 1275 387 1291 in
399 1274 458 1295 linguis
468 1274 516 1290 variis
527 1274 584 1290 consti-

209 1303 256 1319 tutas,
264 1300 281 1316 in
289 1300 369 1316 Christum
377 1304 406 1320 per
414 1299 482 1320 Spiritus
490 1299 542 1315 Sancti
551 1304 585 1320 gra-

208 1325 247 1341 tiam
258 1325 351 1344 credituras,
360 1326 377 1340 ut
388 1324 482 1345 impleretur
493 1324 532 1340 illud
543 1324 584 1339 Psal-

611 1081 648 1097 tem,
659 1080 737 1099 quantum
750 1078 769 1093 ad
782 1077 896 1093 sufficientiam
909 1083 928 1093 ex
940 1080 986 1098 parto

610 1103 643 1121 Dei,
655 1102 730 1123 quonism
742 1104 819 1123 qusntum
833 1102 852 1118 ad
865 1102 955 1118 efficaciam
967 1108 986 1119 ex

612 1129 655 1148 parte
664 1127 717 1145 nostri,
722 1129 745 1143 est
753 1127 888 1147 distinguendum,
893 1127 931 1143 Nam
939 1132 988 1148 quan-

611 1154 644 1167 tum
655 1152 674 1167 ad
686 1151 784 1167 extensivam
795 1152 901 1172 quantitatem
913 1151 988 1168 diffusio-

611 1177 636 1192 nis
643 1176 698 1196 gratiae
705 1176 721 1191 in
732 1176 805 1192 homines
814 1176 870 1196 justos,
879 1176 941 1192 excedit
949 1177 987 1192 novi

610 1201 661 1221 gratia
669 1200 765 1216 Testamenti
774 1205 777 1216 ι
785 1201 861 1221 queniam
869 1200 943 1221 pluribus
950 1201 988 1217 (lata

611 1227 640 1244 est,
648 1225 689 1241 sicut
698 1225 752 1246 plures
760 1227 796 1241 sunt
804 1225 835 1241 filii
846 1225 883 1241 novi
890 1225 987 1241 Testamenti

612 1255 659 1270 quarn
668 1250 731 1268 veteris,
740 1251 756 1265 et
766 1249 820 1270 piures
830 1249 873 1265 filios
883 1249 953 1265 Ecclesia
962 1250 988 1266 ha-

612 1274 639 1290 het
650 1279 698 1294 quarn
709 1274 795 1294 Synagoga.
804 1274 834 1289 Sed
845 1276 923 1294 quantum
934 1274 953 1289 nd
966 1274 989 1290 in-

613 1299 707 1318 tensionem,
716 1298 775 1314 habcnt
786 1303 802 1314 se
813 1298 855 1315 sicut
867 1298 960 1314 excedentia
972 1301 989 1314 et

612 1328 682 1343 excessa,
691 1323 767 1344 quoniam
775 1323 825 1344 aliqui
834 1326 873 1339 tunc
883 1323 919 1344 plus
927 1323 989 1339 habue-
