1088 1569
218 124 248 140 468

385 128 400 139 IN
411 127 466 139 ιῐΒΙΠΙ
477 128 482 139 1
492 127 613 139 ξΙΙΠΙ-ΝΊῚΔΒΠΙ-
626 132 644 134 -
655 127 694 139 mss.
705 127 733 143 xi,
744 127 800 141 auur.
812 127 828 139 ΙΙΙ

218 173 249 186 tur.
257 170 301 186 Unde
313 170 328 186 in
340 170 369 186 lrsc
380 172 425 191 parto
436 170 493 191 positio
502 170 566 186 Henriei
577 172 593 185 et
600 170 612 185 Α
619 170 724 190 cnndo‚quod
733 170 764 186 illie
771 169 855 185 relationes
863 169 929 185 obviant
937 170 996 185 unitati

217 194 259 211 Sonti
271 195 307 215 plus
318 195 376 215 plscet.

237 219 338 235 Potissimum
351 224 388 235 vero
400 221 512 240 argumentum
527 219 593 235 sltsrius

216 244 303 265 opinionis,
316 244 391 260 videlieet
403 244 444 264 quod
458 244 474 259 in
486 244 546 259 divinis
560 248 592 259 non

217 271 241 285 est
248 269 330 285 distinctio
341 269 371 285 nisi
380 273 409 289 per·
417 269 498 285 relstionis
507 269 592 289 originem,

216 293 272 309 Sootus
284 293 337 312 solvit,
350 294 417 309 dicendo
428 298 431 309 z
443 293 464 309 De
477 293 518 309 iacto
530 293 593 309 relstio-

217 322 245 333 nes
253 318 361 338 multiplicant
369 318 467 333 Trinitatem.
476 317 495 333 Et
502 318 515 333 si
524 320 593 338 ponetur

217 342 260 363 quod
267 342 336 363 Spiritus
343 342 411 358 Sanctus
419 347 450 358 non
459 344 483 358 est
491 347 500 358 s
507 342 553 361 Filio,
561 342 593 358 di&

217 367 328 387 tinguerentur
335 371 366 383 non
376 372 404 387 per
412 367 496 383 relstiones
504 367 591 387 oppositas,

217 392 244 407 sed
255 392 348 412 disparatas.
357 391 401 407 Unde
411 391 447 408 dico
457 391 498 412 quod
509 391 551 407 sicut
559 392 592 407 hoec

217 416 278 435 relatio,
291 416 306 432 in
319 418 397 437 qusnturn
412 416 444 432 lraec
458 416 518 434 relatio,
531 418 548 432 et
560 421 591 432 non

216 445 245 461 per
255 441 356 461 suppositum
366 443 394 456 ant
404 440 526 456 fundamentum
538 445 591 458 suum.

216 465 320 486 distinguitur
330 470 339 481 s
350 465 426 481 relatione
438 465 517 486 opposita,
526 465 549 481 ita
560 465 592 481 dis—
601 464 612 480 B

215 490 294 510 tinguitur
301 490 321 505 sb
331 490 375 506 omni
386 490 462 506 relatione
472 490 553 510 disperata
563 494 592 510 per

216 514 293 530 rationem
302 519 346 530 susm
355 514 444 533 formalem,
449 514 490 530 sicut
498 514 555 530 albedo
563 514 592 530 dis·

216 539 294 560 tinguitur
304 544 314 555 a
324 539 409 555 dulcedine
420 541 436 555 et
446 544 508 560 sapore.

235 564 275 580 Hirro
287 564 309 580 sit
322 564 409 580 lliclrsrdus
422 569 426 580 :
438 564 472 580 Non
484 566 508 579 est
520 564 590 579 Anselnri

216 589 282 605 intentio
297 588 336 609 quin
351 589 371 604 ad
387 588 486 609 personslem
501 588 591 604 distinctio-

215 618 252 629 nem
257 613 343 629 ‘sufficeret
351 613 446 629 relationum
454 613 547 633 disparatio,
556 618 591 633 quae

214 640 256 653 esset
268 638 310 653 inter
322 638 380 653 Filium
394 640 410 653 et
421 637 499 658 Spiritum
515 637 591 653 Sanctum

215 662 262 678 etism
275 662 288 678 si
299 662 368 683 Spiritus
379 662 445 678 Sanctus
457 666 488 678 non
501 664 543 678 esset
556 667 591 682 pm-

214 687 272 703 oedens
284 692 293 703 s
305 687 345 703 Filio
358 692 361 702 z
375 687 418 708 quod
431 687 469 702 satis
481 691 556 707 expresse
568 687 591 702 vi-

214 712 261 727 detur
273 712 332 727 sentire
343 711 427 727 Anselmus
440 711 456 727 in
470 711 512 727 libr-o
523 712 543 727 de
555 711 591 727 Pro-

215 736 286 752 cessione
297 736 366 757 Spiritus
379 736 438 752 Stricti.
447 736 483 752 Haec
496 736 590 752 Riclrardus⁴

619 194 717 213 substantia,
726 199 757 210 non
768 199 797 215 per
807 194 936 210 contrarietatem
946 195 965 210 sd
977 194 997 210 il-

620 220 651 235 lsm
660 222 688 235 aut
695 219 770 239 invicem,
779 220 806 235 sed
814 219 843 238 sic,
849 221 906 235 utnon
913 219 935 235 sit
942 219 997 235 :inim

620 244 654 260 sols
668 244 684 260 in
700 249 755 260 eorum
769 244 859 260 substantia
874 248 942 264 quorum
958 246 998 259 sunt

620 269 652 285 illes
662 269 752 288 relationes,
761 269 793 285 imo
803 269 824 284 sit
835 269 851 284 in
862 269 894 284 illis
907 269 997 289 personalis

619 294 706 310 distinctio.
714 294 767 310 Primo
777 294 824 310 modo
833 293 904 310 obviatio
914 293 997 310 relationis

620 323 652 335 non
662 321 686 334 est
696 319 727 334 nisi
738 319 826 335 secundum
837 318 922 334 relstionos
933 320 998 334 contn-

620 343 661 363 riss;
669 343 696 359 sed
704 344 774 359 secundo
782 344 829 359 modo
839 343 880 359 bene
886 345 929 359 esset
935 347 965 364 per
972 348 998 358 re—

620 368 687 384 lstionoe
697 368 791 388 disparsus.
802 367 838 384 Hm
849 368 931 383 Henricus.

721 449 841 468 QUAESTIO
860 449 891 465 III

651 515 694 531 Ertio
706 514 789 536 quaeritur,
800 515 833 532 An
843 515 933 535 Spintus
945 514 995 531 San-

655 541 699 557 otus
710 540 804 560 procedat
814 543 826 556 a
838 539 897 556 Pas-re
909 540 930 556 et
942 539 995 556 Ffflo

618 564 640 581 in
650 565 748 585 quantum
759 565 807 581 sunt
819 568 887 581 unum.

638 589 704 605 Videtur
714 589 756 609 quod
768 593 805 605 nou.
816 588 874 607 Primo,
882 588 959 609 quonism
970 593 996 604 se-

619 614 641 630 tio
648 616 672 629 est
681 613 760 634 suppositi
769 618 773 629 2
781 618 819 633 ergo
828 615 873 629 setus
882 613 954 633 spirsndi
963 617 995 628 non

618 639 693 654 convenit
702 638 743 654 Patr-i
754 643 772 654 sc
781 638 820 654 Filio
830 638 860 654 nisi
869 640 887 653 ut
896 639 934 653 sunt
942 642 996 658 perso-

619 668 652 683 noe;
660 663 683 678 sic
691 665 744 678 sutem
752 664 790 678 sunt
797 663 834 678 duo.
843 671 863 673 —
870 661 949 680 Secundo,
958 662 996 682 quis

618 687 687 708 Spiritus
697 687 764 703 Sanetus
774 687 846 707 procedit
856 691 865 702 a
875 686 919 702 Patre
929 691 948 702 sc
956 686 996 702 Filio

618 714 636 728 ut
643 716 694 727 nexus
701 713 717 727 et
724 712 768 730 unio,
776 711 898 731 oommunisque
906 713 922 726 et
929 713 996 726 mutuus

618 741 663 753 smor
677 736 762 752 amborum
776 740 779 751 :
793 736 820 751 sed
835 740 867 751 non
881 735 957 752 eonvenit
972 735 995 751 eis

235 760 253 776 Et
266 762 318 781 potest
332 760 357 776 liis
372 761 411 776 ratio
426 760 467 776 eddi.
481 760 532 779 Ouum
547 760 590 776 enim
599 760 610 776 C
619 761 660 776 uniri
673 763 689 776 et
701 760 770 776 invicem
783 765 800 776 se
811 764 870 779 smare,
884 759 915 775 nisi
928 761 946 775 ut
957 762 995 775 sunt

215 785 284 806 Spiritus
295 785 362 801 Sanctus
373 789 404 801 non
415 785 490 806 procedat
500 790 509 801 s
519 785 564 800 Pstre
575 787 591 800 et

216 810 256 825 Filio
267 810 282 825 in
294 812 372 830 quantum
383 812 421 825 sunt
430 810 462 825 duo
473 815 501 825 seu
511 809 590 829 distincti,

214 834 266 850 sedin
277 836 356 855 quantum
366 836 404 850 sunt
412 839 461 850 unum
471 836 486 850 et
494 834 524 850 sub
534 834 590 850 eadem

215 859 276 875 ratione
290 863 318 875 seu
334 859 422 874 secundum
435 859 509 874 eumdem
524 859 590 875 nrodum

215 883 326 904 processionis,
338 888 369 899 non
381 884 431 904 magis
443 883 546 903 distinguitur
556 883 591 904 Spi-

215 908 255 923 ritus
266 908 333 924 Sanctus
345 913 355 923 a
365 907 405 923 Filio
417 912 445 928 per
458 907 487 923 lroc
500 908 541 928 quod
555 912 591 928 pro-

214 933 256 949 cedit
270 937 279 948 a
294 932 339 948 Patre
353 934 370 948 et
384 932 429 950 Filio,
442 937 490 952 qusm
505 932 518 948 si
533 937 542 948 s
557 933 591 949 solo

215 958 307 978 procederet
314 957 364 975 Patre,
373 957 447 977 quamvis
458 957 563 977 multiplicior
570 957 591 973 sit

215 982 255 998 ratio
267 981 374 997 distinctionis
385 981 454 1001 Spiritus
466 981 518 997 Ssneti
530 986 539 997 s
551 982 591 997 Filio

214 1011 243 1027 per
253 1006 282 1022 hoc
293 1006 335 1027 quod
346 1006 418 1026 procedit
427 1005 448 1021 sb
457 1010 481 1021 eo.
490 1006 544 1027 ltaque
555 1006 591 1022 dico

214 1035 251 1047 eum
261 1030 312 1049 Scoto,
321 1035 377 1046 verum
388 1035 422 1046 esse
432 1030 473 1051 quod
486 1035 589 1051 personarum

618 786 649 801 duo
658 790 662 802 t
670 790 708 806 ergo
715 786 738 801 sic
746 785 822 801 convenit
828 785 852 800 eis
859 784 925 805 spir-ore,
932 794 952 796 —
960 784 996 800 Ter-

618 810 645 829 tio,
659 810 725 831 spiratio
737 812 761 826 est
773 812 818 826 setus
831 809 919 830 personatis
932 814 936 825 :
949 811 995 825 actus

618 839 655 851 vero
670 835 761 855 personales
774 834 845 855 personis
857 834 956 850 conveniunt
971 838 995 849 se-

617 860 687 875 cundum
702 864 757 875 esrum
770 863 804 874 esse
820 858 908 879 personale.
921 863 959 879 ergo
971 863 995 874 se-

617 884 687 900 eundum
700 888 735 900 esse
747 883 846 899 distinctum.
854 892 874 895 —
881 882 945 901 Qusrto,
956 883 994 903 quis

618 911 635 924 ut
643 908 659 924 in
670 909 723 924 litters
733 908 839 924 introducitur·
848 907 934 923 auctorita-s
941 907 995 928 Augu-

618 933 662 951 stini,
674 933 743 953 Spiritus
755 932 823 948 Sanetus
838 932 943 953 principalius
959 936 995 952 pro-

618 958 660 973 cedit
672 962 681 973 s
694 957 739 973 Patre
752 962 755 973 :
769 961 806 977 ergo
818 961 850 972 non
863 956 883 972 sb
896 959 964 977 utroque
977 958 995 972 ut

618 987 668 998 unum
679 984 722 998 sunt.

638 1007 654 1022 ln
668 1006 760 1027 oppositum
773 1008 797 1022 est
811 1005 896 1022 auotoritas
909 1005 993 1026 Augustini

617 1031 674 1052 quinto
684 1031 704 1047 de
711 1031 793 1049 Triuitate,
802 1035 834 1051 quo
843 1030 889 1046 docet
898 1030 941 1051 quod
949 1030 995 1046 Pater

214 1055 295 1071 distinctio
305 1056 321 1071 in
333 1055 392 1071 divinis
404 1059 435 1071 non
447 1057 470 1071 nst
482 1055 511 1071 nisi
526 1060 554 1076 per
564 1060 590 1076 op-
599 1055 610 1071 D
617 1058 633 1071 et
643 1056 693 1071 Filius
703 1058 741 1071 sunt
751 1060 801 1071 unum
815 1055 913 1076 principium
924 1054 994 1075 Spiritus

214 1080 273 1100 positas
285 1079 446 1103 relationesyorigirris
455 1084 458 1095 :
467 1082 483 1095 ot
494 1080 529 1098 hoo,
538 1080 558 1095 de
568 1080 590 1095 la-

214 1106 245 1123 cto,
258 1104 296 1124 quis
309 1104 384 1120 videlicet
399 1109 453 1120 revers
467 1104 490 1120 sic
504 1106 534 1123 est,
548 1105 590 1125 quod

214 1129 283 1149 Spiritus
290 1128 356 1144 Sanctus
364 1133 373 1144 s
381 1128 425 1144 Pstrc
434 1129 505 1149 Filioque
513 1129 589 1149 procedit,

214 1153 267 1169 Nihilo
278 1153 331 1169 minus
342 1153 384 1174 quod
395 1153 427 1173 jem
439 1153 499 1169 dictum
512 1155 541 1172 ost,
550 1154 590 1169 vori-

215 1180 262 1193 tatem
273 1178 344 1194 sortitur⁴

235 1202 274 1218 Hinc
289 1202 366 1218 Henrieus
379 1208 383 1218 1
396 1203 465 1221 Dictum,
479 1203 537 1224 iuquit,
551 1203 590 1219 illud

215 1227 270 1246 Boetii,
279 1227 320 1248 quod
333 1227 387 1243 omnia
399 1227 415 1242 in
428 1227 487 1243 divinis
498 1229 535 1243 sunt
548 1228 589 1243 idem

215 1252 243 1268 ubi
255 1256 287 1268 non
302 1251 357 1267 obviat
370 1252 450 1267 relstionis
464 1252 549 1272 oppositio,
562 1252 591 1268 du-

215 1277 279 1297 pliciter
291 1278 342 1297 potest
355 1276 429 1297 intelligi⁴
437 1276 495 1295 Primo,
504 1277 546 1297 quod
559 1277 590 1292 illm

215 1301 300 1317 relationes
311 1301 341 1317 sibi
355 1301 423 1317 invicem
436 1301 502 1317 obvi-snt
513 1306 541 1322 por
553 1306 591 1317 con-

215 1326 319 1345 trsrietntem,
327 1326 369 1341 sicut
377 1325 464 1346 paternitas
471 1328 487 1341 et
495 1326 557 1342 filiatio.
566 1326 591 1342 Sc·

617 1081 676 1096 Sancti*
684 1089 705 1092 —
712 1080 789 1100 Denique,
798 1084 848 1100 quum
858 1084 905 1100 agere
912 1079 933 1095 sit
941 1084 995 1100 perso-

618 1110 647 1123 nae,
657 1110 698 1121 unus
710 1107 755 1120 actus
766 1104 837 1125 spirsndi
851 1108 882 1120 non
894 1104 976 1124 egreditur
985 1109 995 1119 s

618 1129 680 1146 duobus
692 1129 780 1150 suppositis
792 1128 823 1144 nisi
836 1129 853 1144 in
866 1130 944 1149 quantum
957 1130 995 1144 sunt

618 1159 673 1169 rmum⁴
682 1163 702 1165 —
710 1153 775 1172 Rursus,
787 1153 827 1169 Patr-i
839 1155 855 1169 et
867 1153 907 1168 Filio
919 1153 996 1168 convenit

618 1179 679 1199 spir-are
690 1179 706 1194 iu
719 1180 798 1199 quantum
811 1178 883 1193 ssmdem
896 1177 957 1193 liabent
968 1182 996 1193 vo-

618 1203 695 1219 luntatem
708 1205 723 1218 et
734 1203 767 1218 vim
780 1203 872 1223 spirativsm
884 1207 912 1218 seu
924 1207 996 1218 commu-

618 1232 655 1243 nem
666 1228 753 1243 notionem.

637 1277 660 1292 Ad
668 1276 698 1292 hoc
706 1276 774 1292 Thomas
781 1276 866 1296 respondet
874 1280 878 1291 z
886 1275 942 1291 Omnis
949 1278 996 1292 actus

617 1301 717 1322 originaliter
729 1301 798 1317 refertur
809 1301 829 1317 ad
841 1300 878 1320 duo,
887 1300 962 1316 videlicet
976 1301 995 1316 sd

617 1328 696 1347 agentem,
704 1328 720 1341 et
727 1326 746 1341 sd
757 1325 823 1342 actionis
833 1325 938 1346 principium.
946 1325 996 1341 Porro
