1088 1569
131 345 180 362 Quasi-i
184 349 196 359 vi

204 122 224 139 &2

360 128 509 142 uussnuncuunul(
520 129 582 140 sonmo
592 129 646 140 natvm
657 129 715 143 ausona
725 129 821 141 anssnnmoe

203 169 283 190 sibilibua,
290 171 310 187 de
321 171 380 192 quibus
390 173 414 187 est
424 171 470 191 fides,
479 176 515 192 quas
526 173 551 187 est
560 171 579 187 de
586 171 673 187 Asandum
686 174 710 187 est
722 172 737 187 id
749 172 791 192 quod
803 174 827 188 est
838 176 867 192 per
877 176 893 187 ae
905 176 923 187 ac
936 171 983 192 prin-

204 199 236 210 non
248 195 292 212 visis.
305 196 378 212 Attamen
393 197 451 212 certior
462 199 486 212 est
498 196 580 212 certitudi-

204 224 224 235 ne
240 220 334 237 adhaesionia
347 226 351 237 z
364 221 402 241 quia
416 225 444 242 pro
457 221 501 237 nulla
513 221 579 237 veritate

204 245 262 260 tradita
273 245 289 261 in
300 245 331 261 alia
342 246 414 265 scientia,
423 246 470 262 homa
480 245 542 261 subiret
554 250 579 261 ca-

205 270 271 290 pitalem
286 270 387 289 sententiam,
400 270 441 286 sicut
454 275 483 291 pro
495 271 530 286 ista,
543 270 579 286 Eme

203 294 279 315 AEgidius.

224 344 302 363 Qumritur
309 345 356 364 ultra,
360 345 383 360 An
391 345 469 365 theologia
476 345 497 360 sit
504 345 578 365 specialia

204 369 276 385 scientia.
285 369 350 385 Videtur
361 369 403 390 quod
414 374 452 388 non,
460 374 510 390 quum
521 371 578 385 tractet

204 394 223 409 de
235 393 265 410 Deo
275 396 291 409 et
301 394 384 413 amaturis,
392 394 412 410 de
421 394 514 410 hominibus
525 396 540 410 et
551 399 578 409 an-

204 418 249 439 gelis,
260 418 337 439 omnique
346 423 404 439 genere
415 418 462 434 entis.

223 443 268 459 Circa
280 443 329 463 hujus
342 443 437 459 solutionem
450 443 495 464 ponit
507 443 577 464 AElgidius

606 196 663 217 cipale.
675 196 711 212 llaec
720 196 796 217 AEgidius.

626 245 705 264 Qumritur
712 246 770 265 adhuc,
778 245 849 264 Qualiter
855 246 897 261 liber
905 246 934 262 iste
941 245 982 261 Seu-

606 270 691 286 tentiarum
700 271 719 286 ad
728 270 778 287 'tut-m
786 276 846 287 sacram
856 271 954 291 Scripturam
962 275 982 287 se

606 295 669 311 habeat.

626 320 648 335 Ad
660 320 690 336 hoe
702 320 811 336 Bonaventura
824 320 909 341 respondet
919 325 922 336 z
933 320 982 336 Liber

607 344 636 360 iste
646 344 665 360 ad
677 349 737 360 sacram
749 345 847 365 Scripturam
860 345 941 361 reducitur
952 350 982 366 per

607 369 670 385 modum
688 369 772 389 cujusdam
787 369 933 388 subalternationis,
948 374 980 385 non

607 394 656 414 partis
671 394 776 415 principalis;
789 394 863 410 similiter
875 394 912 410 libri
927 395 982 410 docta>-

606 423 642 434 rum
650 419 677 439 qui
688 421 725 434 sunt
734 419 754 434 ad
765 419 801 435 fidei
812 419 921 435 defensionem
930 424 933 435 ε
942 419 982 439 quia

606 447 637 459 non
646 443 722 463 quislibet
729 444 840 459 determinatio
848 444 913 459 trahens
920 444 936 459 in
945 448 981 464 par-

204 470 272 488 quatuor
286 467 386 483 differentias
401 468 442 483 inter
454 468 550 489 theologiam
562 470 577 483 et
587 469 643 486 Btem,
652 467 691 483 tacit
702 468 855 484 subalternationem
867 468 943 487 scientim,
952 468 980 484 sed

203 494 263 508 ceteras
275 492 350 508 scientias
363 497 367 508 z
381 492 436 511 Prima,
449 493 491 513 quod
507 493 539 508 illm
551 493 578 508 ha-

203 517 261 533 bentur
276 522 304 538 per
318 517 404 533 humanam
420 517 534 536 inventionem.
548 517 578 533 ista

203 546 232 562 per
244 542 315 558 divinam
327 542 453 562 inspirationem,
462 547 491 558 nec
502 542 578 558 naturali-

203 568 227 582 ter
235 568 296 587 poterat
304 566 378 582 inveniri.
384 566 462 585 Secunda,
468 567 509 587 quod
518 567 577 582 theolo-

201 591 228 611 gia
235 593 259 606 est
268 591 379 611 principaliter
389 593 404 606 et
414 591 474 607 directe
481 591 501 607 de
510 591 578 607 insensi—

203 615 268 634 bilibus,
277 620 306 631 nec
314 618 337 631 est
345 616 364 631 de
372 616 397 631 liis
405 620 440 636 quaa
449 616 464 631 in
473 616 577 632 sensibilibus

202 642 245 659 sunt,
254 645 283 656 nec
291 640 373 656 sensibilia
383 640 431 656 habet
439 642 499 661 partem
509 640 534 656 sui
541 641 578 656 sub-

202 664 239 685 jecti
249 669 252 680 :
262 665 303 685 quod
317 665 357 680 nulli
370 665 438 680 naturali
450 665 521 681 scientim
533 670 576 681 com-

203 689 248 710 petit,
261 694 311 710 quum
327 689 404 705 naturalis
418 692 471 705 nostra
486 690 556 710 cognitio
568 695 577 705 a

202 719 249 730 sensu
258 716 274 730 et
281 714 384 730 sensibilibus
393 716 443 730 sumat
451 714 540 730 exordium⁴
549 714 577 730 Un-

203 739 223 755 de
237 739 303 759 physica
317 741 341 754 eat
356 739 376 754 de
390 739 499 757 sensibilibus,
515 739 577 755 mathe-

605 492 717 508 determinatio
724 493 841 513 quodammodo
848 493 941 508 distrahens
949 493 981 508 Sci-

605 517 648 533 entia
659 521 728 537 namque
738 517 757 533 de
768 517 811 533 linea
821 519 869 536 recta,
878 522 909 533 non
921 517 981 533 dicitur

605 541 710 557 subalternari
724 542 821 562 geometr-im,
837 542 863 558 sed
879 542 946 558 scientia
960 543 980 558 de

605 566 647 582 linea
658 566 714 582 visuali
724 571 727 582 :
736 567 774 587 quia
784 567 896 583 determinatio
909 567 938 582 ista
949 569 981 583 tra-

605 591 629 606 liit
641 591 758 611 quodammodo
770 591 789 607 ad
802 591 882 612 principia
895 591 931 607 alia.
939 591 981 610 Quo-

605 615 648 631 niam
657 620 693 636 ergo
701 620 745 631 sacra
755 616 838 636 Scriptura
847 618 871 631 est
878 616 898 631 de
906 616 980 632 credibili

605 642 623 655 ut
633 640 712 659 credibili,
721 640 787 656 scientia
799 645 837 656 vero
847 640 896 661 liujus
908 640 945 656 libri
956 643 981 656 est

605 665 624 680 de
636 664 709 680 credibili
722 667 739 680 ut
752 665 794 681 {acto
807 665 910 685 intelligibili,
918 667 934 681 et
946 665 981 681 lmc

605 689 716 705 determinatio
728 689 802 705 distrahit
813 690 879 710 (nempe
891 690 933 710 quod
946 694 981 705 cre-

605 714 663 732 dimus,
676 714 744 730 debetur
756 714 855 734 auctoritati;
867 715 909 734 quod
922 714 980 730 intelli—

604 738 662 759 gimus,
675 739 751 759 rationi):
761 739 804 758 hine,
815 739 857 754 sicut
869 739 910 755 alius
923 739 980 755 modus

203 764 261 779 matica
271 764 290 779 de
303 763 328 779 his
340 768 376 784 quie
388 766 425 779 sunt
438 763 454 779 in
467 764 576 783 sensibilibus,
586 764 597 780 C
605 763 705 779 certitudinis
713 765 736 779 est
744 764 760 779 in
769 763 836 779 scientia
845 764 930 784 superiori,
938 764 980 779 alius

203 788 312 809 metaphysica
324 788 371 804 habet
383 788 466 804 sensibilia
478 791 539 809 partem
552 789 576 804 sui

202 813 276 833 subjecti⁴
286 813 370 833 Theolugia
382 818 419 829 vero
430 813 503 834 sequitur
512 814 576 829 modum

202 837 287 858 Sapientiae
299 837 378 853 increatae.
387 837 428 856 ldeo,
438 838 479 853 sicut
491 838 519 853 illa
529 838 577 854 habet

202 867 219 878 se
227 862 277 883 ipsam
286 867 315 883 pro
322 862 390 883 objecto,
398 862 420 878 sic
429 863 458 878 ista
466 862 578 883 principaliter

203 887 245 903 circa
253 887 302 903 Deum
312 889 390 906 versatur,
398 889 414 903 et
423 887 458 908 ejus
467 887 517 903 solius
524 888 578 908 cogni-

202 912 224 928 tio
232 912 248 928 in
256 917 275 928 ea
284 912 380 933 exquiritur,
388 912 457 928 alioruin
467 914 578 933 vero¹propoer

203 937 246 952 illam
254 936 330 952 finaliter.
338 937 391 952 Tertia
398 937 490 952 diiiercntia
497 939 526 956 est,
534 937 577 957 quod

202 961 237 977 aliie
249 966 305 977 omnes
317 961 387 977 scientiis
398 961 457 977 liabent
469 962 529 982 aliquid
542 962 577 977 uni-

202 986 263 1002 versale
271 991 300 1007 pro
308 986 392 1007 principali
403 986 471 1006 objecto.
480 986 515 1002 ΗΜ
523 988 577 1002 autem

202 1015 232 1026 nec
240 1011 330 1026 universale
338 1015 367 1026 nec
375 1010 476 1031 particulare,
485 1011 511 1026 sed
521 1011 576 1029 Deum,

202 1035 230 1056 qui
238 1037 262 1051 est
270 1035 339 1051 maxime
347 1040 389 1051 unus
396 1037 412 1051 et
420 1035 510 1055 singularis.
519 1035 578 1053 Quarta

605 788 621 803 in
634 788 747 806 inferiori;sic
759 788 799 804 alius
811 788 867 804 modus
879 788 981 804 certitudinis

605 815 629 828 est
643 813 659 828 in
675 817 719 828 sacra
734 813 821 833 Scriptura,
834 815 850 829 et
863 813 905 829 alius
918 813 934 829 in
949 814 980 829 hoc

605 837 651 853 libro.
665 837 725 853 idcirco
739 839 754 853 at
766 837 807 853 alius
819 838 876 854 modus
890 839 914 853 eat
926 843 982 858 prow-

605 862 658 877 dendi.
667 862 686 877 Et
698 862 740 878 sicut
751 862 818 878 scientia
830 862 943 881 subalternata,
952 862 981 878 ubi

605 887 666 905 deficit,
675 887 742 903 recurrit
754 887 773 903 ad
786 887 898 903 certitudinem
910 887 981 903 sciontiae

605 911 738 932 subalternantis;
746 912 769 927 sic
780 914 795 927 et
807 916 857 932 quum
869 911 942 932 Magistro
954 912 981 927 de-

605 936 640 951 ficit
650 936 715 952 rationis
725 936 809 955 certitudo,
817 936 889 957 confugit
898 936 917 952 ad
927 938 980 952 aucto-

606 961 660 976 ritates
676 961 821 981 certitudinemque
838 961 929 982 Scripturae,
944 966 979 981 quae

605 985 717 1001 certitudinem
730 990 793 1001 omnem
807 986 873 1002 rationis
884 986 951 1002 excedit,
959 995 979 997 —

605 1010 690 1026 Sciendum
699 1011 814 1031 quoque,quod
822 1011 896 1031 quamvis
903 1010 979 1026 credibile

605 1035 626 1051 sit
633 1039 682 1055 supra
690 1034 773 1053 rationem,
782 1036 860 1055 quantum
868 1035 886 1050 ad
896 1034 978 1050 scientiam

202 1062 231 1079 est,
240 1060 282 1081 quod
291 1060 335 1075 nulla
344 1060 410 1076 scientia
421 1062 473 1080 potest
480 1062 503 1076 tot
510 1062 526 1076 et
534 1062 577 1076 tanta
586 1061 598 1076 D
606 1059 694 1075 naturalem
706 1061 722 1075 et
733 1059 834 1080 acquisitam,
843 1064 875 1075 non
888 1061 940 1075 tamen
953 1064 980 1080 pe-

202 1089 298 1105 cognoscere
308 1084 338 1100 sub
350 1085 415 1105 propria
424 1085 475 1101 forma
484 1087 500 1100 et
510 1085 577 1104 ratione,

202 1110 244 1126 sicut
251 1109 335 1130 theologia,
344 1112 391 1130 pmut
400 1114 449 1130 supra
459 1111 540 1125 ostensum
548 1112 576 1125 est.

203 1135 257 1155 Itaque
268 1134 341 1150 hahendo
352 1136 441 1155 respectum
451 1134 470 1149 ad
482 1134 552 1154 primum
562 1136 578 1150 et

203 1159 292 1180 principale
302 1158 383 1179 objectum
395 1158 483 1179 theologias,
492 1159 536 1174 nulla
548 1158 578 1174 sci-

202 1184 245 1199 entia
254 1185 278 1199 est
288 1185 320 1199 tam
331 1183 406 1203 specialis
416 1185 434 1198 ut
445 1183 480 1202 ista,
489 1188 539 1204 quum
550 1183 578 1199 lia-

202 1208 239 1224 beat
252 1212 280 1229 pro
294 1207 357 1228 objecto
373 1207 421 1223 Deum
436 1208 505 1223 maxime
520 1212 576 1224 unum.

202 1233 307 1254 Respiciendo
322 1234 375 1248 autem
387 1232 406 1248 ad
419 1233 493 1248 materias
506 1233 525 1248 ad
538 1237 578 1253 quas

202 1258 297 1274 secundario
304 1262 321 1273 se
331 1257 407 1276 extendit,
415 1258 547 1273 communissima
555 1260 578 1273 est

203 1282 287 1298 censenda.
293 1282 369 1298 Absolute
377 1284 430 1297 tamen
438 1284 461 1297 est
468 1282 543 1302 specialis
550 1282 579 1298 sci-

204 1307 252 1326 entia,
261 1307 322 1323 ratione
332 1307 356 1322 aui
369 1306 463 1327 principalis
474 1306 579 1328 primariique

204 1332 263 1352 objecti
272 1336 276 1347 :
285 1332 323 1352 quia
331 1331 346 1347 in
354 1331 398 1347 omni
407 1331 474 1347 scientia
483 1331 533 1352 magis
541 1336 580 1352 peu-

605 1084 648 1100 nitus
655 1089 704 1105 supra
713 1084 790 1100 rationem
799 1084 883 1105 perfidem
893 1089 911 1100 ac
920 1084 979 1100 dunum

605 1109 687 1129 sapientiae
703 1111 751 1129 atque
767 1113 796 1129 per
812 1109 872 1125 donum
890 1109 979 1125 intellectus

605 1133 688 1149 elevatam.
698 1133 742 1149 Fides
752 1133 795 1149 enim
806 1134 857 1149 elevat
864 1134 883 1149 ad
893 1134 979 1149 assentien-

605 1158 649 1177 dum,
656 1158 735 1179 sapientia
742 1160 757 1174 et
765 1158 856 1174 intellectus
863 1158 882 1174 ad
890 1158 980 1179 intelligen-

605 1183 643 1199 dum
654 1188 690 1203 quie
700 1183 760 1199 credita
768 1185 810 1198 sunt,
818 1183 854 1199 Haee
862 1182 977 1199 Bonaventura

625 1207 647 1223 De
655 1208 684 1223 lioc
692 1207 748 1223 scribit
756 1207 843 1223 Richardus
852 1212 855 1223 :
864 1207 898 1223 Uno
907 1208 955 1223 modo
961 1212 978 1223 sc

606 1232 654 1248 habet
666 1232 707 1248 liber
718 1232 737 1248 ad
752 1232 835 1248 scientiam
848 1232 925 1253 aliquam,
937 1232 978 1248 sicut

606 1257 689 1273 continens
698 1257 787 1273 ordinatam
798 1257 913 1277 expositionem
923 1257 978 1273 littero

606 1284 622 1298 et
629 1282 712 1298 sententias
722 1281 758 1297 libri
770 1281 813 1297 illius
821 1281 837 1297 in
844 1286 878 1302 quo
885 1282 920 1303 ipsa
929 1282 979 1297 scien—

607 1307 629 1323 tia
639 1306 751 1327 principaliter
758 1306 848 1322 continetur
857 1311 861 1322 z
869 1309 885 1322 et
895 1306 918 1322 sic
927 1311 944 1322 se
952 1306 979 1322 ha-

608 1331 635 1347 bet
648 1333 700 1347 totum
714 1333 823 1347 commentum
835 1331 947 1352 metaphysica
959 1331 979 1347 ad

1005 247 1064 264 Qum.
1084 265 1085 269 Ἰ

995 270 1024 280 vn.
