1088 1569
223 132 298 146 QUAerlm
307 132 379 144 'mimus
389 132 519 144 narnaesnflrtmm
530 132 546 143 ΙΝ
556 132 640 144 cunnum
650 133 679 144 rm
689 133 769 145 vzsrmmu

854 127 884 144 243

105 174 168 193 modus,
177 175 244 196 species,
253 176 297 192 ordo.
305 175 333 191 m
342 176 390 191 etiam
398 175 482 196 multiplex
489 175 502 191 Α
510 180 543 194 ιιιιι,
551 176 573 191 sit
580 176 633 196 prima
640 176 709 196 cognitio
717 180 765 196 quarn
775 180 804 197 per·
810 178 884 191 naturam

105 199 145 215 ordo
157 200 186 218 rei,
195 200 270 216 videlicet
280 200 299 216 ad
311 205 348 216 suas
360 202 413 221 partes
423 205 451 215 seu
462 200 481 215 ad

105 228 124 239 ea
131 228 168 244 quie
176 224 192 240 in
203 224 238 245 ipso
246 227 289 244 sunt,
297 227 314 240 et
322 225 341 240 ad
352 225 394 240 entia
405 224 481 243 universi,

105 250 120 264 et
131 248 170 264 item
180 249 200 265 ad
210 249 306 265 Creatorem.
315 249 372 270 sicque
382 249 421 265 ordo
431 249 482 265 dive*

105 273 167 289 simodo
179 278 189 289 a
201 274 268 290 diversis
281 274 372 294 exponitur,
380 283 400 285 —
410 274 481 294 lnsuper,

106 302 156 318 penes
163 298 197 314 haec
207 299 237 314 tria
246 299 362 314 determinatur
371 300 419 319 atque
428 298 483 318 digno-

105 322 157 337 scitur
169 322 235 341 bonurn,
244 325 276 339 tam
289 323 305 338 in
318 323 396 342 Crestore,
405 327 453 343 quarn
466 323 482 338 in

105 347 190 362 creaturis.
198 347 258 363 Bonum
269 352 338 368 namque
349 347 364 363 in
373 347 446 363 Crantore
452 347 484 367 (ιε>

105 371 178 387 eundum
188 371 289 392 Dionysium)
300 372 364 390 dicitur,
375 377 394 388 ex
406 377 439 392 quo
451 377 484 387 orn-

105 396 139 414 nia,
148 396 224 416 quoniam
236 396 296 412 bonum
306 398 330 412 est
339 397 363 412 sui
374 396 469 412 diffusivum
479 401 482 412 :

105 423 122 436 et
134 420 158 436 sic
169 426 186 436 ee
202 421 249 437 habet
262 421 278 437 in
291 421 352 437 ratione
365 421 451 437 efficientis
464 421 483 436 ad

106 445 149 461 hona
161 447 230 461 eaumta.
244 445 304 461 Rursus
316 445 375 461 dicitur
387 445 447 461 bonurn
461 446 484 461 in-

509 200 529 215 de
544 200 575 216 Deo
590 200 672 216 habemus*
687 201 709 216 Ad
725 201 767 221 quod
782 201 868 221 respondet
880 205 884 216 z

508 224 584 242 Quamvis
599 225 668 246 cognitio
681 227 734 246 nostra
745 225 764 241 tle
777 225 808 241 Deo
819 229 848 245 per
859 230 886 240 na-

509 252 561 265 turam
573 250 619 265 valde
630 250 652 266 sit
661 250 746 270 generalis,
757 254 789 265 una
799 252 852 265 tamen
862 251 886 265 est

509 274 599 295 generalior
610 275 647 290 alia*
658 274 709 293 Quum
723 275 766 290 enirn
781 274 886 295 intelligimus

510 304 539 314 ens
547 299 562 314 in
572 299 659 317 communi,
668 303 699 315 non
709 299 820 315 descendendo
830 299 850 315 ad
858 304 886 315 ens

510 325 581 339 creatum
589 323 614 339 vel
623 323 717 342 increatum,
724 323 828 343 intelligimus
837 322 885 338 Deum

511 348 619 364 intellectione
634 348 760 368 generalissima,
776 348 793 363 in
808 349 886 368 quantum

511 372 615 393 intelligimus
626 373 687 393 aliquid
700 372 731 388 sibi
743 374 759 388 et
770 372 847 388 creaturis
858 376 887 392 per

511 397 600 417 analogiam
608 402 702 413 commune:
711 399 727 413 et
734 397 768 413 hae
776 397 853 412 naturalis
861 401 887 412 co-

510 422 561 442 gnitio
574 422 606 440 Dei,
615 421 659 442 prior
671 423 695 437 est
707 421 797 442 cognitione
809 421 845 441 ejus
858 426 887 441 per

511 446 602 467 vestigium.
608 446 680 467 Cognitio
688 451 757 466 namque
765 450 794 466 per
801 446 887 466 vestigium

106 471 185 488 creatum,
194 470 210 485 in
220 474 252 490 quo
262 470 316 486 omnia
325 472 363 486 sunt
373 472 448 486 contenta
457 474 460 485 :
468 472 483 485 et
494 471 505 486 B
513 471 621 491 praesupponit
632 471 647 486 in
656 471 737 486 intellectu
746 470 815 491 alicujus
822 470 887 486 alterius

106 494 129 510 iu
136 499 153 510 se
162 494 210 510 habet
220 494 235 510 in
245 494 305 510 ratione
315 499 366 510 causae
376 494 448 510 formalis
456 499 483 510 seu

106 519 204 540 exemplaris
211 519 230 534 ad
241 519 283 535 bona
292 521 350 538 creata,
359 524 394 540 qum
404 519 484 540 exempla—

107 543 147 559 ritor
153 545 191 559 sunt
201 543 217 559 in
225 548 249 560 eo,
258 544 311 560 Tertio
321 544 380 560 dicitur
391 544 450 560 bonum
461 544 485 559 in-

106 570 184 587 creatum,
189 568 231 589 quud
239 571 297 584 cuneta
304 568 387 587 affectant,
393 570 408 584 et
414 569 434 584 ad
442 568 484 589 qued

107 593 162 608 omnia
175 595 291 608 convertuntur
301 598 305 608 z
316 595 332 608 et
344 593 366 609 ita
377 598 394 608 se
408 593 454 608 habet
468 592 484 608 in

108 617 169 633 ratione
177 622 229 633 eausa
237 617 291 633 finalis
299 618 318 633 ad
326 618 385 633 omnia.
394 617 454 633 Bonum
462 622 485 633 er-

106 646 127 662 go
139 643 211 657 creatum
221 642 286 661 dicitur,
295 642 333 662 quia
343 647 352 657 a
365 642 411 660 bono,
420 644 436 657 et
446 642 485 662 quia

108 666 125 682 in
136 666 184 685 bono,
192 668 208 682 et
218 667 256 687 quia
263 667 282 682 ad
293 666 359 682 honum*
367 666 421 682 Modus
431 669 484 682 autem

107 691 178 706 sumitur
185 695 204 706 ox
212 691 332 711 comparatione
339 693 416 707 ereaturae
424 691 443 706 ad
450 690 485 706 elfi-

107 715 183 734 cientem,
192 715 230 736 quia
239 715 266 731 dat
276 716 350 735 modum;
358 716 420 736 species
430 720 449 731 ex
460 720 485 731 or-

107 740 191 756 dinatione
204 740 226 756 rei
237 740 257 756 ad
268 745 332 756 causam
345 740 438 760 formalem3
446 740 485 756 ordo

512 495 534 511 rei
542 495 655 516 cognitionem,
664 500 695 511 non
705 495 800 511 econtrario.
809 495 844 510 Alio
854 499 888 510 mo-

512 520 532 535 rlo
542 520 643 540 cognoscitur
653 520 693 535 Deus
702 525 712 535 a
721 519 773 538 nobis,
782 520 798 535 in
809 521 887 540 quantum

512 544 622 565 cognoscimus
633 549 667 560 esse
677 544 742 565 aliquod
752 549 780 560 ens
792 544 862 565 primum
872 545 888 559 et

512 569 607 587 increatum,
619 569 706 589 cujuslibet
719 569 784 585 alterius
798 569 839 585 entis
851 573 888 584 cau—

512 598 545 609 sam
554 593 657 612 efficientem,
666 594 779 614 exemplarem,
785 595 801 609 et
809 593 886 609 finalem:

513 623 560 638 quam
569 618 675 638 cognitionem
684 618 777 634 naturaliter
785 618 861 634 habemus
868 618 888 633 de

513 643 549 661 Deo,
560 643 612 663 primo
625 648 654 663 per
665 643 756 663 vestigium,
765 643 802 663 quia
815 643 831 658 in
844 642 887 658 omni

513 667 581 683 naturali
590 667 680 688 cognitione
688 672 736 688 quam
744 667 822 683 habemus
830 667 849 683 de
858 667 888 683 Deo

514 692 529 708 in
542 694 620 712 quantum
635 692 736 712 cognoscitur
748 694 765 707 ut
780 692 819 713 quid
833 691 889 707 distin-

513 718 556 732 ctum
570 716 590 732 ab
602 718 638 732 ente
650 718 709 735 creato,
721 716 790 737 cognitio
803 721 832 737 per
843 716 889 732 verti-

512 741 557 761 gium
567 741 620 761 prima
629 743 658 756 eat.
666 741 702 757 um
713 741 807 757 llichardus.

107 769 128 780 ex
135 765 254 786 comparatione
262 765 282 780 ad
289 770 353 781 causam
363 765 434 780 finalem.
443 765 485 780 Prin·
495 766 506 782 c
533 765 611 786 Amplius,
622 765 710 781 secundum
718 765 803 786 AEgidium,
811 765 854 781 sicut
863 769 890 780 ve-

107 790 182 810 cipaliter·
190 792 241 805 tamen
249 790 336 805 secundum
344 790 416 811 ordinem
423 790 443 805 ad
451 794 485 805 cau-

108 819 142 830 sam
158 814 231 833 finalem,
246 814 334 830 attenditur
348 815 388 830 ratio
404 814 484 830 bonitatis⁴

108 839 144 855 Huc
155 839 250 855 Alexander.

129 863 174 879 Cirea
186 864 220 879 hnc
232 863 288 879 scribit
301 863 389 879 Richardus
403 868 406 879 z
420 864 442 879 Ex
456 864 485 879 hoc

108 888 152 909 quud
167 888 208 904 Deus
223 890 246 904 est
261 893 309 904 eausa
323 890 433 904 creaturarum
448 888 485 904 effi-

109 913 159 931 eiens,
172 913 274 933 exemplaris.
288 915 304 928 et
318 912 378 931 finalis,
391 915 454 933 oportet
469 913 485 928 in

109 937 153 953 omni
164 939 238 953 creatura
246 942 281 953 esse
291 937 409 956 limitationem,
417 942 436 953 eo
444 937 486 958 quod

109 962 131 978 sit
142 962 210 982 effectu
220 964 236 978 et
246 962 322 983 speeiem,
333 962 349 977 id
362 964 386 978 ost
398 962 487 983 pulchritu-

109 987 171 1006 dinem,
182 991 200 1002 eo
211 987 253 1007 quod
265 987 284 1002 ad
297 987 423 1007 pulcherrimum
434 991 487 1002 exem-

110 1012 146 1032 plar
158 1012 236 1032 producta
250 1011 281 1031 sit;
292 1013 308 1027 et
319 1011 398 1030 ordinem,
412 1016 430 1027 eo
444 1011 485 1032 quod

110 1036 169 1052 liabent
176 1036 227 1052 finem
234 1036 253 1052 ad
261 1040 310 1057 quem
318 1036 406 1052 ordinatur.
415 1036 487 1056 Denique

513 790 577 810 stigium
589 790 671 810 corporale
682 792 786 810 repraesentat
796 795 833 806 eum
843 789 889 810 eujus

513 817 537 830 est
546 815 637 835 vestigium,
646 815 785 835 repraesentatione
794 814 847 830 medio
856 819 889 830 mo-

513 839 533 855 do
540 844 557 855 se
565 839 633 855 habente
643 839 684 855 inter
692 839 848 860 repraesentationem
856 843 890 854 om-

513 864 552 879 nino
564 863 646 880 confusam
659 866 676 881 et
687 863 843 884 repraesentationem
858 863 890 878 dis-

513 889 579 904 tinctam
589 888 615 908 (ut
627 890 670 908 patet
682 888 701 903 de
713 888 779 908 vestigio
791 888 838 906 Petri,
846 888 889 908 quod

514 914 616 933 repraesentat
630 917 667 928 eum
682 914 760 933 quantum
777 912 796 928 ad
811 912 889 933 speciem,

513 937 580 956 scilicet,
589 937 631 958 quod
643 937 665 952 sit
675 937 760 957 vestigium
773 937 849 956 hominis,
857 941 889 953 non

514 964 591 983 quantum
604 962 623 977 ad
636 961 736 977 individuum
750 962 789 977 illud
803 966 806 977 :
820 961 890 982 cognitio

514 989 567 1002 autern
575 986 634 1007 speciei
642 988 665 1002 est
673 986 726 1002 inedia
734 986 776 1002 inter
782 986 890 1007 eognitionem

513 1011 576 1031 generis
586 1013 634 1031 atque
644 1010 729 1031 suppositi,
737 1013 753 1026 et
763 1011 853 1026 distinctior
865 1015 891 1027 co-

514 1035 585 1056 gnitione
593 1035 661 1056 generis,
670 1040 688 1051 sc
696 1035 750 1051 minus
757 1035 832 1051 distincta
840 1040 889 1056 quam

110 1061 141 1076 tria
151 1061 182 1076 iat-a
191 1061 207 1076 in
217 1062 295 1081 quantum
307 1062 343 1076 sunt
355 1063 408 1081 partes
418 1060 486 1081 vestigii,
494 1061 507 1076 Ι)
515 1060 594 1076 individui
602 1060 673 1080 notitia);
681 1060 704 1076 sic
713 1060 797 1081 vestigium
806 1060 889 1076 Trinitatis

110 1090 142 1101 non
152 1085 263 1106 superaddunt
273 1085 295 1101 rei
307 1085 323 1101 in
333 1090 364 1105 qua
374 1087 417 1104 sunt,
425 1085 487 1106 aliquid

110 1110 184 1126 absolute
196 1114 199 1126 :
211 1110 287 1130 quoniam
300 1111 373 1125 creatura
384 1110 452 1125 limitata
464 1112 488 1125 est

110 1139 128 1150 se
140 1135 181 1155 ipsa,
193 1134 208 1150 id
223 1136 247 1150 est
259 1139 287 1155 per
299 1139 316 1150 ee
328 1134 380 1155 ipsam
393 1134 486 1150 formaliter.

110 1159 151 1175 Hinc
159 1159 232 1175 limitatio
238 1161 295 1175 cresim
300 1159 377 1177 essentie,
383 1164 429 1180 super
436 1159 487 1179 ipsam

110 1188 142 1200 non
151 1184 195 1200 addit
205 1184 235 1199 nisi
246 1184 339 1199 relationem
350 1184 370 1199 ad
380 1188 443 1199 causam
452 1183 488 1199 effi-

110 1209 186 1227 cientem,
194 1210 210 1224 et
217 1213 246 1224 sua
255 1208 359 1228 pulchritudo
367 1208 459 1224 relationem
468 1208 487 1224 ad

110 1238 176 1249 oausam
190 1233 305 1253 exemplarem,
317 1232 385 1253 ejusque
397 1232 436 1248 ordo
449 1233 488 1248 rela-

110 1258 171 1273 tionem
184 1257 204 1273 ad
216 1262 280 1273 causam
293 1257 358 1273 finalem
371 1262 374 1273 τ
387 1257 433 1273 aliter
445 1257 488 1273 modi

110 1284 152 1298 esset
160 1282 223 1300 modus,
231 1284 247 1297 et
256 1282 319 1302 species
328 1282 393 1302 speciei,
402 1283 418 1297 et
428 1281 488 1297 ordinis

110 1307 150 1323 ordo
158 1307 174 1322 in
186 1306 274 1322 infinitum.
283 1315 303 1318 -
310 1306 387 1322 Proeterea
396 1306 453 1327 quaerit
463 1306 489 1322 Ri-

110 1332 187 1350 chardus,
196 1333 250 1347 utrum
262 1331 333 1351 cognitio
344 1330 371 1347 Dei
384 1335 413 1351 per
425 1331 489 1351 vestigi-

515 1085 531 1100 in
543 1085 626 1103 creaturis,
638 1087 739 1105 repraesenut
751 1089 827 1105 personas
839 1089 890 1105 quan-

514 1111 549 1125 tum
558 1109 578 1125 ad
589 1109 666 1125 attributo
676 1109 779 1130 appropriata
789 1110 833 1130 (qua
845 1110 888 1128 sunt,

515 1134 591 1154 potentia,
601 1133 685 1154 sapientia,
696 1134 770 1154 bonitas),
781 1138 850 1155 quorum
863 1138 889 1150 eo-

514 1159 565 1179 gnitio
581 1158 629 1174 habet
643 1163 661 1174 se
676 1159 729 1174 medio
742 1159 790 1175 modo
806 1159 847 1174 inter
862 1163 889 1174 co-

514 1183 602 1204 gnitionem
611 1183 724 1199 attributorum
735 1183 844 1199 essentialium
857 1188 889 1199 non

514 1208 654 1228 appropriatur-um
663 1208 689 1228 (ut
699 1210 742 1227 sunt,
750 1208 824 1226 essentia,
832 1208 888 1227 deitas,

514 1235 530 1248 et
539 1234 592 1248 cetera
602 1232 697 1251 consimilia,
706 1237 742 1253 qum
752 1235 789 1248 sunt
799 1233 844 1253 quasi
856 1237 890 1248 om-

516 1257 554 1273 nino
565 1261 596 1273 non
606 1257 693 1276 distincta),
701 1259 717 1272 et
727 1257 769 1272 inter
778 1257 844 1272 omnino
854 1261 890 1277 pro-

516 1281 556 1302 pria,
572 1286 607 1302 qum
623 1283 660 1297 sunt
677 1286 781 1301 personarum
798 1281 889 1297 constituti-

515 1311 540 1325 va,
549 1308 567 1322 ut
577 1306 668 1327 paternitas,
676 1305 739 1325 filiatio,
751 1310 787 1326 qun
796 1308 834 1321 sunt
843 1305 889 1326 quui

516 1331 582 1347 omnino
591 1330 671 1346 distincta.
679 1339 699 1342 -
707 1330 773 1351 Insuper
783 1330 841 1350 qum-it
848 1330 889 1351 4)ςί-
