1088 1569
299 130 353 144 ΟΙῘΔΙ-ΙᾹ
364 130 388 142 sn·
398 130 482 142 omnimo
492 130 537 142 ΙῊΤΙΙ
548 130 633 142 ΔΤΙᾞΙΒΙΠΔ
643 130 696 142 ΒΝΙῊΔ

857 125 887 141 ts⁷

105 172 228 189 distinctionem
239 173 297 189 malem
307 175 323 189 et
332 173 451 189 distinctionem
461 178 485 189 ra-
492 173 505 189 A
513 173 529 189 in
539 178 556 189 re
567 174 708 194 correspondet-en
717 175 733 188 et
743 172 847 189 consimiliter
856 172 887 188 erit

106 197 157 213 tionis
167 202 185 214 se
196 198 248 214 medic
259 198 306 214 modo
317 198 382 214 liabere-

128 222 159 238 Sed
173 225 259 243 antequam
271 223 364 243 opinionem
377 223 418 238 hanc
431 227 485 243 prose-

105 251 155 267 quar,
164 247 216 268 primo
224 247 319 268 positionem
327 247 398 264 Doctoris
408 247 484 266 solennis,

106 274 149 292 puta
156 271 226 291 Remini,
234 272 314 288 inducam.
323 272 377 293 ltaque
387 272 442 288 doctor
451 272 484 290 ille,

105 296 203 314 Quodlibew
218 297 275 317 quinto
289 299 341 313 movet
356 297 397 312 hanc
411 296 485 317 queastio-

106 325 148 336 nem
160 325 164 336 ε
178 323 231 337 utrum
246 321 330 342 pluralitas
344 323 360 337 et
372 321 485 337 condistinetio

105 345 222 361 attributorum
234 346 343 362 essentialium
355 346 371 361 in
383 346 419 365 Deo,
427 346 448 361 sit
460 350 486 361 sc—

106 370 185 390 cipienda
196 375 244 391 penes
255 372 345 391 respectum
355 373 371 386 et
381 370 485 391 comparatio*

107 399 148 410 nem
155 395 174 410 od
182 395 243 415 aliquid
253 397 302 414 extra,
311 397 328 410 ut
335 395 355 411 sd
365 397 451 413 creaturas,
459 394 484 410 vel

107 423 139 439 per
151 419 285 440 compar-tionem
298 420 317 435 sd
329 419 390 440 aliquid
404 419 451 435 intrs.
459 419 485 435 Vi-

105 444 157 459 detur
163 444 206 464 quod
216 449 245 465 per
256 446 345 465 respectum
354 444 373 467 ad
383 444 425 459 intra
434 449 437 460 :
446 449 485 464 quo-

511 198 531 213 de
541 198 609 213 diversis
618 198 723 219 eoneeptibus
732 197 751 213 de
761 197 821 213 Deitate
831 196 888 213 forms-

512 222 537 241 tis,
546 222 588 243 quod
597 227 652 238 omnes
660 224 707 238 erunt
715 222 805 243 synonymi,
813 223 841 237 sut
848 226 888 242 prm-

512 249 536 262 ter
546 252 596 263 unum
606 247 652 263 cassi.
660 247 704 265 Quod
714 246 753 268 quia
761 246 848 262 absurdum
858 248 887 265 est,

512 272 566 287 dicunt
571 272 677 287 necessarium
685 276 720 287 osso
727 273 743 287 ut
751 271 834 292 pluralitas
842 273 888 291 atque

512 296 594 312 distinctio
608 296 722 313 attributorum
737 296 753 312 in
767 296 803 315 Deo,
816 298 889 312 sumatur

512 321 532 337 ab
544 321 626 337 intellectu
639 326 746 342 quocumque,
760 323 813 337 emto
825 323 853 336 aut
865 320 889 336 in-

512 348 571 364 creato,
588 350 607 361 ex
624 346 691 362 diversis
709 345 808 366 respectibus
824 345 889 361 Deitatis

512 370 531 386 ed
542 370 605 386 diversa
615 370 679 386 realiter
688 370 829 391 correspondentia
838 370 862 385 eis
872 370 888 385 iu

512 395 595 411 creaturis.
610 395 665 415 ltaque
679 395 741 414 dicunt,
756 395 798 415 quod
813 395 888 411 omnibns

513 420 602 435 rationibus
616 424 644 435 seu
656 419 761 440 conceptibus
774 424 810 440 qun
822 421 860 435 sunt
872 419 888 435 in

513 444 543 460 Deo
556 444 641 464 objective,
651 444 764 465 correspondet
776 443 829 459 unitas
842 444 889 459 realis

106 468 153 484 niam
161 468 188 484 ubi
195 473 229 484 esse
239 471 291 489 potest
300 469 382 484 distinctio
392 468 448 489 major,
458 473 485 489 po—
494 470 505 486 Β
512 469 570 485 divina
578 469 651 485 essentia
657 473 661 485 ς
667 473 698 485 non
707 469 795 484 secundum
804 473 838 484 esee
845 468 888 489 quod

106 495 139 508 test
147 497 181 509 ease
187 495 203 509 et
210 493 269 511 minor:
275 493 301 509 sed
310 493 326 509 in
334 493 364 509 Deo
372 495 395 509 est
403 493 485 514 pluralitas

105 520 157 538 atque
168 517 250 534 distinctio
265 522 368 539 personarum
383 518 436 537 realis,
449 522 485 538 qua

105 542 161 562 major
167 544 191 558 est
201 542 303 558 distinctione
312 542 426 558 attributorum
434 547 438 558 :
447 547 484 563 ergo

106 569 125 582 et
137 567 220 587 pluralitas
231 567 345 583 attributorum
357 569 410 588 potest
421 572 455 583 esse
468 567 484 583 in

106 591 141 607 Deo
148 596 176 612 per
184 594 274 612 respectum
285 592 304 607 ad
313 592 360 607 intra.
369 600 389 603 -
396 591 413 607 ln
423 594 485 608 contra-

107 616 152 631 rium
163 616 235 636 arguitur
247 616 270 632 sic
278 621 282 632 t
290 616 425 637 Quandocumque
438 616 484 637 plura

106 641 197 656 secundum
208 641 285 656 rationem
296 643 358 656 tantum
368 641 448 659 distincta,
458 641 485 656 bs-

107 665 149 681 bent
156 665 187 681 alia
196 665 227 681 sibi
235 665 375 686 correspondentia
384 665 430 686 plura
438 667 454 681 et
461 670 485 681 se-

105 690 180 706 cundum
191 695 225 706 rem
235 690 315 709 distincta,
324 690 407 710 pluralitas
420 690 484 706 illorum

105 714 202 735 accipiendo
213 716 238 730 est
249 719 278 735 per
291 716 380 735 respectum
393 717 409 730 et
421 719 485 735 compa-

106 739 187 755 rationem
199 739 219 755 ad
233 739 261 755 illa
275 741 319 755 extra
332 744 335 755 :
349 739 484 760 quemadmodum

512 493 560 509 habet
572 493 589 509 in
601 498 618 509 se
630 493 707 513 absolute,
715 493 742 509 sed
754 493 841 509 secundum
854 497 889 509 esse

511 518 554 539 quod
562 518 610 534 habet
619 518 636 534 in
647 520 720 539 respectu
731 518 750 534 ad
761 520 848 536 creaturas,
856 522 888 534 nen

511 543 601 559 secundum
613 547 663 563 genus
677 547 729 559 causae
744 542 836 561 efficientis,
850 542 889 563 quia

512 572 531 583 ex
539 567 567 583 illo
577 570 650 588 respectu
661 567 705 583 nullu
715 567 784 583 sumitur
794 567 835 583 ratio
844 567 889 582 attri-

513 592 546 608 buti
557 593 597 613 (non
609 592 653 608 enim
666 592 726 608 dicitur
738 592 754 608 in
767 591 798 607 Deo
810 591 888 612 sapientia

512 617 550 637 quia
561 617 577 633 in
589 617 635 633 nobis
647 617 742 637 sapientiam
754 616 818 637 officit),
827 616 853 632 sed
866 621 889 632 se-

512 642 583 657 cundum
595 646 646 662 genus
659 646 711 657 causas
723 641 795 657 torm-lis
809 641 889 661 exempla-

512 666 539 682 ris.
548 666 620 682 Essentia
628 671 697 686 namque
705 666 760 682 divine
768 666 784 681 in
792 670 821 681 sua
828 665 889 686 simpli-

512 691 560 706 citate
567 691 675 707 omnimodam
685 690 756 706 continet
766 690 888 711 perfectionem,

511 720 547 736 qun
555 715 600 736 quasi
609 720 637 736 per
646 717 698 736 partes
705 717 722 731 et
729 715 759 730 sub
766 719 802 730 esse
809 715 889 731 diminuto

511 740 584 760 dispersa
591 742 615 755 est
622 744 671 760 super
678 744 734 755 omnes
741 741 827 755 creaturas.
833 739 852 754 Et
860 743 889 759 per

105 764 182 780 dextrum
192 766 208 779 et
217 764 300 779 sinistrum
310 763 389 779 differunt
399 764 414 779 in
425 764 485 780 colum-
493 765 505 781 C
512 765 542 780 hoc
553 764 605 780 Deitas
615 764 683 785 simplex
695 764 778 780 inritabilis
789 766 813 779 est
824 763 844 779 ab
855 768 889 779 om-

106 794 130 805 na
141 791 202 805 tantum
212 789 300 805 secundum
311 789 395 808 rationem,
403 793 432 810 per
442 794 485 805 com-

106 814 208 834 parationem
218 814 237 829 ad
248 818 267 829 ea
274 813 290 829 in
301 813 360 834 quibus
370 815 407 829 sunt
417 813 448 830 illm
458 818 485 834 po-

105 838 175 854 sitiones
190 838 254 854 realiter
265 843 285 854 ex
300 840 369 858 natura;
382 838 456 854 similiter
468 838 484 854 in

106 865 169 884 puncto
179 867 211 879 non
220 862 299 878 diiterunt
307 863 405 884 principium
414 865 430 879 et
440 862 484 882 tinis,

106 888 140 904 nisi
156 892 185 908 per
197 887 332 908 compsrationem
348 888 367 903 ad
381 887 452 903 diversas
467 888 485 903 li-

106 917 153 928 neas.
161 912 191 928 Sed
201 912 277 928 attributa
287 912 342 928 divine
351 912 411 928 habent
419 912 436 928 in
444 917 486 928 crea-

106 937 151 953 turis
161 937 215 957 aliqua
226 937 256 952 sibi
268 937 409 957 correspondentis
421 937 485 953 realiter

105 961 221 980 condistineta,
229 966 238 977 a
247 961 307 982 quibus
318 961 350 977 Deo
360 961 470 977 attribuuntur
480 966 484 977 1

106 988 126 1002 ut
134 986 203 1005 bonitas,
211 986 294 1007 sapientia,
303 986 374 1006 potentia
381 986 415 1005 Dei,
423 986 486 1002 bonita-

105 1012 147 1029 tem,
158 1010 260 1031 sapientiam,
271 1011 358 1031 potentiam
369 1013 451 1027 creaturae.

127 1035 169 1051 uino
176 1035 227 1056 aliqui
237 1035 298 1054 dicunt,
306 1035 348 1056 quod
358 1035 485 1056 circumscriptis

512 789 560 805 nibus
573 790 656 808 creaturis,
664 791 680 805 et
691 789 739 805 habet
751 789 767 804 in
779 793 796 804 se
807 788 889 804 imitabili-

512 815 558 832 tates,
573 814 661 829 secundum
677 818 716 834 quas
732 815 794 829 cunctae
811 815 888 829 creatura

512 843 547 854 eam
558 838 664 854 diversimode
675 838 763 854 imitantur.
776 837 796 853 Et
807 837 842 853 illae
854 837 888 853 irni-

512 863 598 879 tabilitstes
610 862 658 879 habet
672 862 688 878 in
701 867 719 879 se
733 862 857 883 simplicissime,
871 864 888 877 ut

512 892 560 903 unam
572 888 635 908 penitus
646 887 754 903 indistinctam
764 886 852 902 secundum
862 891 888 902 ac-

512 914 552 931 tum,
564 912 591 928 sed
604 911 730 932 distinguibilem
743 916 772 932 per
784 911 887 931 intelligentie

511 939 608 958 conceptum
621 941 625 952 x
638 936 660 952 ita
672 936 714 957 quod
727 935 810 957 pluralitas
823 935 887 951 illarum

513 961 635 982 perfectionum,
644 963 691 982 prout
702 962 727 976 est
738 960 755 976 in
767 960 822 976 divina
834 964 887 976 essen-

513 986 540 1005 tis,
549 988 572 1002 est
584 985 629 1006 quasi
642 986 659 1001 in
671 985 748 1006 potentia,
756 987 774 1000 ut
784 989 822 1001 vero
834 986 858 1000 est
870 984 886 1000 in

512 1010 547 1031 ipso
562 1010 665 1031 intelligentis
677 1011 761 1030 conceptu,
774 1011 798 1025 eat
812 1009 857 1030 quasi
870 1009 886 1024 in

512 1037 558 1055 actu3
566 1035 593 1051 sed
601 1035 707 1051 diversimode
715 1034 731 1050 in
742 1034 824 1050 intellectu
834 1035 887 1050 emto

106 1065 136 1076 sou
145 1060 214 1076 exclusis
222 1060 305 1079 creaturis,
314 1060 396 1080 pluralitas
405 1060 484 1076 rationum
492 1062 504 1078 D
512 1062 528 1076 et
538 1060 614 1078 increato,
622 1060 698 1080 quoniam
709 1064 729 1075 ex
740 1059 841 1080 plenitudine
852 1063 888 1079 per-

106 1085 125 1101 iu
133 1084 215 1101 attributis
224 1085 239 1100 in
248 1085 280 1101 Deo
290 1085 335 1101 nullo
342 1085 389 1101 modo
398 1085 449 1106 accipi
458 1090 485 1106 po-

106 1112 140 1126 test
151 1110 176 1125 vel
187 1109 271 1130 assignari.
279 1110 306 1125 sed
317 1109 369 1126 solum
382 1114 414 1125 una
425 1110 459 1126 sola
469 1112 485 1125 et

106 1134 179 1155 simplex
186 1134 226 1150 ratio
235 1134 306 1153 Deitatis,
314 1134 356 1150 sicut
363 1134 398 1155 ipsa
406 1136 430 1150 est
437 1134 484 1150 unica

107 1163 135 1174 ιω
144 1160 161 1174 et
171 1159 245 1179 simplex,
256 1158 278 1174 ita
289 1159 331 1179 quod
342 1163 374 1175 non
386 1158 416 1174 nisi
427 1159 484 1175 uniens

107 1185 125 1199 et
137 1183 206 1204 simplex
220 1185 307 1204 eonceptus
319 1183 338 1199 de
351 1183 378 1199 illa
392 1184 442 1204 possit
454 1183 486 1199 foi*

108 1208 157 1226 mari,
164 1207 193 1228 qui
201 1208 249 1223 unico
256 1208 321 1223 nomine
328 1208 349 1223 sit
357 1208 471 1228 exprimendus
480 1213 484 1224 ς

109 1232 132 1248 ita
144 1232 187 1252 quod
199 1232 219 1251 si,
227 1232 315 1248 secundum
328 1232 363 1251 boc,
372 1232 419 1253 plura
431 1233 445 1248 ei
458 1237 486 1249 no-

109 1256 154 1272 mina
166 1257 275 1277 imponantur,
283 1259 330 1273 erunt
340 1257 406 1273 omnino
418 1262 486 1278 synony-

109 1286 142 1300 ma,
155 1283 221 1302 propter
234 1282 277 1297 idem
290 1281 353 1302 penitus
368 1286 385 1297 re
397 1284 413 1297 et
425 1282 486 1298 ratione

109 1306 219 1326 significatum
231 1306 273 1327 qnod
283 1306 323 1327 ipais
333 1306 356 1322 sic
366 1307 485 1327 correspondet,

109 1333 126 1347 et
133 1331 165 1347 alia
174 1331 240 1347 nomina
250 1333 303 1347 esseut
310 1336 357 1350 vana,
365 1331 404 1352 quia
413 1331 436 1347 eis
445 1331 486 1347 nibil

513 1084 586 1100 lectionis
593 1084 652 1100 divina
659 1088 694 1105 quo
702 1083 750 1099 unica
757 1085 781 1099 est
788 1085 804 1099 et
814 1083 888 1099 indistin-

512 1111 538 1125 cta
548 1109 564 1124 in
572 1108 626 1124 divina
635 1109 709 1127 essentia,
718 1108 792 1129 provenit
802 1107 888 1123 multitudo

512 1134 584 1155 plurium
597 1133 719 1154 conceptionum
733 1132 821 1149 secundum
834 1134 887 1148 actum

513 1159 529 1174 in
543 1158 579 1179 ejus
593 1158 703 1178 intelligentia,
719 1162 751 1173 non
766 1159 819 1173 tamen
834 1157 888 1173 eonci-

513 1183 567 1204 piente
577 1183 664 1199 secuudum
676 1182 746 1198 diversas
757 1182 850 1202 hujusmodi
863 1186 887 1197 ra-

513 1208 564 1224 tiones
571 1208 622 1228 ipeam
629 1207 714 1223 essentiam
722 1206 818 1228 simplicem,
827 1206 858 1222 nisi
867 1211 886 1222 ex

513 1234 585 1253 respectu
595 1232 614 1248 ad
624 1232 694 1247 diversas
705 1231 811 1252 perfectiones
820 1235 856 1252 qun
863 1231 887 1246 eis

512 1257 637 1277 correspondent
647 1256 663 1272 in
674 1256 757 1272 creaturis.

532 1282 585 1301 Porro,
593 1286 612 1297 ex
620 1281 720 1302 plenitudine
728 1280 831 1301 perfectionis
838 1280 855 1295 in
863 1279 887 1295 di-

513 1307 551 1323 vina
565 1306 633 1322 essentia
648 1305 744 1321 indistincte
757 1309 775 1321 ac
790 1304 841 1320 unicae
855 1309 886 1320 non

515 1331 588 1352 provenit
597 1330 624 1346 illa
634 1329 719 1346 multitudo
726 1329 798 1350 plurium
807 1329 888 1350 concepti-
