1088 1569
235 133 257 145 ΑΝ
267 133 282 145 n(
293 133 349 145 thle
360 133 446 145 ῆΜΙιΑτιο
456 133 511 147 lit-tono
521 133 562 145 nono
572 134 618 145 Paion
628 134 651 145 sn·
661 134 762 146 PnomstoN!

856 129 886 145 487

108 178 144 191 tnm
152 176 239 192 secundnm
248 177 317 192 nostrum
325 176 388 191 modurn
397 175 485 196 intelligen-
493 176 505 191 Α
513 176 573 191 sionem
588 176 657 196 Spiritus
670 176 723 192 Sancti
738 178 761 192 est
775 181 804 197 per
817 181 834 192 se
847 176 886 192 ordo

107 200 131 219 di,
140 201 156 216 in
167 203 246 221 quantum
257 201 339 221 loquimur
348 201 368 216 de
381 200 485 216 emanationi-

107 225 139 241 bus
147 225 179 241 illis
186 226 274 241 secundum
283 225 324 246 qnod
332 230 351 241 ex
359 225 484 241 emanationibus

107 250 128 266 ad
137 250 178 266 intra
188 250 321 266 intellectualium
331 252 441 266 ereaturarum
451 254 485 270 pro-

107 275 180 290 cedimus
190 275 210 290 ad
222 275 313 291 divinarum
325 275 444 290 emanationum
458 279 485 291 no-

106 299 165 315 titiam.
174 299 191 315 ln
202 299 284 315 mentibus
294 304 364 320 namque
375 299 432 315 creatis
442 304 484 315 ema-

107 324 152 340 natio
163 324 253 340 intellectus
265 324 328 340 realiter
338 326 386 344 atque
396 324 482 342 fontaliter,

106 348 141 364 imo
152 351 168 364 et
178 348 233 369 aliquo
245 349 292 364 modo
304 348 395 367 causaliter,
404 348 448 369 prior
460 350 484 364 ost

106 373 208 389 emanatione
218 373 313 394 actioneque
323 373 415 389 voluntatis.

127 398 186 413 Deinde
193 397 416 418 snbjungitAEgidius:0num
424 397 483 413 dicitur

106 423 150 443 quod
163 422 229 438 relativa
241 424 279 438 sunt
290 422 338 438 simul
352 424 413 441 natura,
425 422 483 438 intelli-

105 447 176 467 gendum
184 449 208 463 est
215 447 235 463 de
244 447 313 462 relativis
321 447 405 467 oppositis,
414 451 481 467 qnorum

512 200 578 221 originis
591 205 623 221 quo
634 205 683 216 unum
694 203 717 216 ast
727 206 746 217 ox
758 201 813 220 altero,
821 205 852 217 non
864 203 886 216 ta-

513 229 549 240 men
561 225 632 241 conditio
644 225 702 246 prioris
714 227 729 241 et
743 226 839 246 posterioris.
852 225 886 246 Spi-

513 251 564 265 ratum
580 254 648 270 namque
660 250 685 271 (ut
697 250 759 270 dieunt)
770 252 794 266 est
808 255 837 271 per
849 254 865 266 se
877 255 887 266 a

511 274 569 294 genito,
581 279 618 295 ergo
629 274 687 295 spirari
698 277 722 290 est
732 279 741 290 a
750 275 828 295 generari.

528 298 564 315 Haec
572 301 587 315 et
595 299 685 315 consimilia
692 299 775 315 Durandus
783 299 844 320 prolixo
853 304 886 320 pro

511 324 584 344 sequitur
591 329 594 340 ;
601 329 636 344 quaa
645 324 744 340 infructuosa
751 324 830 343 videntur,
835 329 885 345 quum

511 348 572 364 riarum
587 349 608 364 sit
623 353 654 364 non
669 353 703 364 esse
715 348 811 369 simpliciter
823 353 885 368 varum,

511 373 552 394 quod
565 373 634 394 spiratus
647 374 667 389 sit
679 373 708 394 per
718 378 736 389 se
747 378 756 389 a
767 373 826 394 genito,
835 378 885 394 quum

510 397 580 418 Spiritus
587 398 659 417 Sanetna,
667 403 715 419 quern
726 400 787 414 constat
794 403 828 414 esse
835 398 886 419 spira-

511 424 551 441 tum,
559 422 579 438 sit
587 427 596 438 a
605 422 656 441 Patre,
664 423 691 443 qui
702 427 733 438 non
744 425 768 438 est
775 423 844 443 genitus.
853 423 885 439 lmo

511 452 540 463 nee
552 447 597 463 Pater
608 447 682 468 producit
692 447 769 468 Spiritum
780 447 855 463 Sanctum
869 448 884 463 in

106 477 157 487 nnnm
167 472 203 487 sine
215 472 247 487 alio
257 476 289 487 non
302 473 354 492 potest
364 471 438 492 intelligi,
450 476 481 487 non
491 472 587 492 Bquantum
600 474 644 492 pater
656 474 683 488 ant
694 476 778 492 generans,
789 477 818 488 nec
830 472 884 491 Filius,

105 497 126 512 de
142 497 213 512 rotativis
229 496 320 517 disparatis.
334 496 374 512 Hinc
389 496 402 512 ai
417 501 482 516 gonera-

106 521 129 537 tio
138 521 204 537 liaberet
214 521 332 542 oppositionem
342 521 361 537 ad
372 521 481 541 spirationem,

105 546 166 562 valeret
181 546 221 561 ratio
235 546 267 564 illa,
283 545 357 561 videlicet
371 546 413 566 quod
428 546 482 561 relati-

105 575 126 586 va
137 572 175 586 sunt
186 570 234 586 simul
248 573 304 586 natura
315 575 318 586 τ
330 570 397 590 ideoque
407 575 425 585 ax
437 572 482 591 parte

106 595 189 611 relationis
203 599 234 611 non
250 597 303 615 posset
316 595 394 615 assignari
409 595 454 615 prins
466 597 482 610 et

106 620 185 640 posterius
200 620 216 635 in
230 619 294 635 (livinis⁴
308 619 338 635 Sed
351 619 436 635 relationes
450 619 482 635 illae

105 649 137 660 non
148 646 186 660 sunt
196 644 279 665 oppositas,
289 644 316 660 sed
327 644 417 664 dispantae.

124 669 148 685 Ad
162 669 204 685 istud
214 668 306 687 dicendum,
315 668 357 689 quoti
369 668 436 684 Thomas
447 668 481 684 alii-

104 698 135 714 que
146 694 219 709 doctores
229 698 260 709 non
270 693 326 709 dieunt
337 693 455 713 generationem
466 695 482 708 et

103 718 208 739 spirationem
217 722 251 733 ease
263 718 347 733 relationes
356 717 443 738 oppositas,
452 722 481 733 nec

103 743 166 758 Patrem
180 743 237 758 dieunt
249 742 304 758 referri
318 742 337 757 ad
353 742 430 762 Spiritum
442 742 481 757 Sau-

511 496 526 512 in
535 498 612 517 quantum
620 496 665 512 silius
672 498 700 512 aut
706 496 775 517 genitus,
782 497 809 512 sed
819 498 885 517 uterque

510 523 528 536 ut
539 525 588 536 unum
600 521 703 541 principium,
715 521 731 536 in
742 521 797 537 eadem
808 521 823 537 vi
835 521 885 542 spira-

510 546 542 561 tiva
551 546 676 561 communicans
684 545 760 564 Quamvis
769 550 807 566 ergo
816 546 885 566 Spiritus

509 570 576 586 Sanetus
587 570 661 590 proeetlat
670 575 679 586 a
689 570 734 589 Filio,
744 575 774 586 non
785 572 838 586 tamen
848 575 885 586 con*

508 599 548 615 grue
563 597 608 611 sonat
622 595 665 615 quod
679 595 736 615 spirari
752 595 773 610 sit
785 600 794 610 a
806 595 884 615 generari,

509 619 547 640 quia
559 619 608 635 Filius
619 624 650 635 non
661 619 711 640 spirat
722 621 739 635 ut
749 619 798 635 iilius.
809 619 845 635 ideo
857 624 885 640 ap-

510 644 541 659 tius
549 646 594 659 sonat
601 644 643 664 quod
651 644 701 664 aliqui
709 644 770 662 dicunt,
776 644 818 664 quod
826 644 884 665 spirari

510 673 540 684 non
552 671 576 684 est
586 673 595 684 a
605 669 678 689 generari
691 673 719 689 per
731 673 748 684 se
758 671 806 689 atque
818 669 883 688 directe,

509 693 536 708 aed
547 693 592 713 quasi
604 693 735 712 coneomitanter,
743 693 759 708 in
771 695 848 713 quantum
860 693 884 709 Fi-

509 718 540 734 lius
548 718 596 733 habet
605 723 614 733 a
621 718 666 733 Patre
676 722 705 738 per
711 718 830 738 generationem
839 720 884 734 aeter-

509 747 545 758 nam
558 747 589 758 non
604 743 656 758 solnm
669 742 740 758 divinam
752 743 843 761 essentiam,
856 743 883 758 sed

103 769 148 783 etum
158 767 259 788 paternitate,
268 771 298 782 nec
308 766 365 782 Filium
373 767 393 782 ad
403 766 480 787 Spiritum
489 766 499 782 C
509 767 541 783 vim
552 767 600 783 etiam
610 767 704 788 spirativam
713 772 716 783 :
726 771 756 783 non
767 767 809 788 quod
818 767 842 783 vis
852 767 884 788 spi-

103 792 179 808 Sanotum
194 791 281 811 filiatione3
294 792 321 807 sed
335 793 427 812 utrumqne,
438 791 481 807 vide-

103 817 141 833 lioet
153 816 215 832 Patrem
226 818 242 832 et
252 816 316 834 Filium,
325 815 380 831 referri
392 816 448 831 dicunt
460 816 479 831 acl

103 841 182 862 Spiritum
189 840 265 856 Sanctum
273 840 353 856 communi
362 840 449 860 spiratione
457 845 480 856 ac-

104 866 143 884 tiva,
156 870 192 886 quoe
203 865 223 881 ed
235 865 339 886 spirationem
352 865 432 885 passivam
445 864 480 885 Spi-

104 891 145 906 ritus
154 890 208 906 Sancti
219 894 236 905 ae
246 889 294 905 hahet
304 894 332 910 per
342 889 407 905 modum
418 889 480 905 relatio-

104 915 129 930 nis
136 914 220 935 oppositae.
228 914 244 929 ln
253 914 312 929 divinis
322 918 386 934 qnoque
395 914 479 929 relationes

103 939 189 960 disparata
196 941 233 954 aunt
242 940 329 955 eoaeternae.
338 938 357 954 Et
366 938 408 954 istud
417 943 437 954 ex
444 943 479 954 ver-

104 964 129 980 bis
137 964 180 979 Petri
191 963 283 984 praehabitis
294 963 384 981 innotescit,
393 963 420 983 qui
430 963 478 978 etiam

104 989 126 1005 ait
136 988 178 1009 quod
190 988 257 1008 spiratio
267 988 288 1003 ait
297 988 317 1003 de
329 987 426 1008 perfectione
437 987 479 1003 i'ilia-

104 1013 158 1031 tionis,
171 1017 200 1028 nee
212 1015 295 1033 separatur
307 1012 327 1028 ab
339 1017 363 1027 ea.
376 1012 447 1032 Denique
459 1012 478 1027 de

105 1038 174 1054 relativis
181 1037 278 1058 generaliter
285 1039 386 1058 protestatur,
392 1037 434 1057 quod
442 1039 477 1052 sunt

509 792 559 808 rativa
569 792 590 807 sit
599 792 677 807 terminus
686 791 799 812 generationis,
808 792 834 808 sed
845 792 884 812 quia

509 821 537 837 per
550 816 669 837 generationem
685 816 733 832 simul
749 817 882 832 communicatur.

507 841 553 856 Pater
560 841 621 861 quippe
630 841 738 856 communicat
748 841 788 856 Filio
797 841 882 857 essentiam

507 865 584 886 spirative
598 865 689 881 fecundam.
702 865 757 885 Itaque
771 870 802 881 non
816 868 883 886 apparet

507 890 592 905 dicendum
607 889 649 910 quod
664 890 745 910 generatio
758 889 773 905 in
789 890 848 906 divinis
862 890 883 906 sit

508 915 552 935 prior
563 914 669 935 processione,
678 914 758 934 loquendo
768 914 788 930 de
800 914 882 934 prioritate

507 939 595 955 secundum
604 943 642 954 rem.
651 938 667 954 Si
677 938 720 954 enim
730 938 757 954 illa
766 941 790 954 est
798 939 841 959 prior
849 944 882 955 rea-

508 964 549 982 liter,
557 963 588 979 alia
599 963 680 979 videbitur
690 968 724 979 ease
737 963 815 984 posterior
826 968 882 979 seeun—

507 988 545 1004 (lnm
559 993 597 1007 rem,
606 992 656 1008 quum
669 990 721 1003 tamen
733 988 749 1003 in
761 992 823 1003 summa
833 988 882 1004 Trini-

508 1015 539 1028 tate
547 1013 587 1028 nihil
596 1013 617 1028 sit
627 1012 671 1033 prius
681 1014 708 1028 aut
719 1012 806 1033 posterius;
814 1014 830 1028 et
836 1013 882 1032 juxta

507 1037 619 1058 Augustinum,
632 1037 684 1053 solum
699 1039 723 1052 est
737 1036 758 1052 ibi
771 1037 810 1053 urdo
822 1039 882 1053 naturas

104 1062 151 1078 simul
165 1064 226 1077 natura.
236 1061 295 1077 ldeireo
306 1062 336 1077 hoc
347 1061 443 1082 generaliter
453 1066 479 1077 vo-
488 1062 539 1083 ano
554 1067 595 1078 unus
610 1062 630 1077 ab
645 1062 681 1081 alio,
697 1066 728 1077 non
744 1066 776 1082 quo
791 1067 831 1078 unns
846 1065 882 1082 post

105 1092 140 1102 rum
154 1088 179 1102 est
191 1086 211 1102 de
225 1086 300 1102 omnibus
312 1090 350 1101 vere
361 1088 377 1101 et
390 1086 478 1101 seeundum

105 1116 138 1127 ease
146 1111 223 1129 relativis,
230 1115 258 1131 per
267 1112 356 1131 respectum
364 1110 383 1126 ad
392 1115 439 1126 snum
447 1115 479 1126 eor-

105 1136 189 1152 relativum
200 1135 288 1151 seeundum
300 1139 339 1150 esse.

124 1161 169 1177 Circa
180 1160 222 1176 hane
232 1160 336 1180 qnasstionom
348 1159 430 1175 Dnrandus
440 1160 479 1175 seri-

106 1185 127 1201 bit
143 1185 210 1206 prolixe,
226 1184 268 1200 inter
282 1186 335 1200 cetera
348 1184 403 1199 dicens
419 1188 422 1199 :
438 1184 478 1199 Dum

104 1209 181 1230 quaritur
193 1209 212 1224 de
226 1208 308 1229 prioritate
322 1208 429 1229 generationis
442 1208 477 1224 Filii

104 1236 177 1255 inspectu
188 1233 294 1254 processionis
304 1233 373 1253 Spiritns
384 1233 443 1251 Sancti,
451 1235 479 1248 ant

103 1258 180 1279 quaritur
188 1258 208 1273 de
216 1257 298 1278 prioritate
307 1257 395 1273 seeundum
405 1262 443 1276 rum,
451 1259 479 1273 aut

103 1283 122 1299 de
132 1283 216 1304 prioritate
225 1282 313 1298 seeundum
323 1281 422 1302 intelligendi
434 1282 479 1298 ratio-

104 1313 146 1324 nem.
159 1307 176 1323 Si
191 1307 243 1328 primo
255 1307 307 1325 modo,
320 1307 343 1322 sin
358 1307 408 1327 aliqui
424 1307 479 1322 dieunt

105 1333 145 1353 quod
157 1332 200 1348 inter
212 1331 329 1352 generationem
343 1331 377 1347 Filii
390 1333 405 1347 et
417 1336 480 1352 proees-

506 1087 561 1105 alium,
571 1088 587 1102 ut
600 1091 637 1102 vera
648 1088 663 1102 et
676 1086 747 1106 perfecta
759 1086 826 1107 requirit
838 1088 882 1102 aster—

507 1111 554 1129 nitas,
562 1115 612 1131 quum
621 1112 636 1126 et
643 1111 696 1126 omnis
703 1110 804 1131 imperiectio
811 1116 821 1127 a
828 1111 882 1126 divina

506 1138 523 1151 et
534 1137 593 1151 aeterna
607 1135 707 1150 emanatione
720 1135 741 1150 sit
753 1135 817 1155 penitus
829 1135 882 1151 exelu-

506 1160 564 1175 dentla.
573 1159 632 1175 ideireo
640 1160 682 1179 quod
692 1159 742 1180 aliqui
751 1161 813 1180 ponunt
822 1159 838 1175 in
847 1164 882 1180 per-

506 1185 550 1200 sonis
557 1184 718 1204 ein-nationibusque
726 1184 745 1199 ad
754 1184 800 1203 intra,
809 1184 881 1200 ordinem

507 1209 584 1225 naturalis
601 1208 754 1229 prmupposninnis,
771 1213 802 1224 non
818 1208 882 1224 videtur

507 1233 602 1254 quibusdam
614 1233 652 1248 satis
662 1233 718 1248 idonee
728 1233 795 1251 (lictum,
804 1237 853 1253 quum
865 1233 881 1248 in

506 1258 598 1278 hujusmodi
609 1257 752 1278 praesuppositione
762 1257 836 1273 videatur
843 1258 881 1273 ordo

507 1282 565 1303 prioris
575 1287 594 1297 ao
605 1281 697 1302 posterioris
707 1282 774 1297 includi.

532 1307 579 1322 Addit
592 1311 656 1327 quoquo
671 1306 754 1322 Dnrandna
767 1311 770 1322 :
783 1306 799 1322 Si
815 1307 881 1327 quaetio

508 1331 606 1352 intelligatur
613 1331 633 1346 de
643 1331 698 1347 ordine
706 1331 814 1351 generationis
824 1333 840 1347 et
848 1336 882 1352 pro-
