1088 1569
278 130 299 142 ΑΝ
310 130 377 142 srlarms
387 130 453 142 εΑΝιἾ-υς
464 130 488 142 srr
498 130 540 142 Ailou
551 130 604 142 Panis
615 131 635 142 At:
644 131 680 142 ritu

838 125 868 142 ⁵³5

92 171 115 187 liis
122 176 131 187 a
141 172 201 192 quibus
211 173 288 193 procedit.
297 173 344 189 Porro
354 173 366 188 si
378 173 465 193 accipiatur
473 173 485 188 Α
493 177 530 193 ergo
545 173 646 193 suppositum
661 178 669 188 a
685 173 729 189 Patre
745 173 816 193 Filioque
831 177 868 193 pro-

92 196 146 212 modus
154 201 186 217 quo
194 197 297 217 specificatur
306 197 391 218 processio,
399 197 422 213 sic
431 201 466 218 per-

91 225 131 236 mut
142 222 233 241 procedenti
243 222 317 237 convenit
327 226 361 237 esse
373 226 431 237 nexum
439 221 466 237 Pa-

92 245 118 260 tris
129 250 148 261 ac
163 246 199 261 Filii
214 246 230 262 in
243 246 307 262 vinculo
322 246 386 265 amoris,
399 246 426 267 qui
442 248 466 261 est

92 270 157 290 ipsemet
170 270 240 291 Spiritus
251 271 323 287 Sanctus.
336 271 372 287 Hoec
385 271 465 287 Albertus.

110 294 149 311 Hinc
157 295 173 310 in
181 295 247 311 Summa
254 300 288 314 sua,
297 296 339 311 libm
349 296 401 314 tertio,
409 295 466 311 scribit

90 319 171 335 Udalricua
180 324 183 335 :
192 320 261 340 Utraque
274 320 375 340 procewiono
384 320 466 340 (videlicet

90 344 124 359 Filii
132 349 151 360 ae
159 344 228 365 Spiritus
234 344 295 364 Sancti)
302 344 381 360 ineflabili
390 345 466 360 exsisten-

90 370 110 386 ιε,
119 369 172 384 minus
182 370 235 385 tamen
246 374 255 385 a
266 369 312 385 nobis
321 369 423 390 cognoscitur
430 374 466 389 pro-

90 393 140 409 cessio
147 393 217 413 Spiritus
224 393 277 409 Sancti
285 398 332 414 quam
340 394 465 414 Filiitquoniarn

90 418 143 433 minua
154 418 202 434 habet
215 418 325 434 similitudinis
338 418 354 434 in
366 418 448 437 creaturis,
456 423 466 434 ι

90 442 149 462 quibus
157 442 209 458 omnis
217 443 294 458 naturalis
302 443 372 463 cognitio
379 443 436 459 oritur.
445 443 472 458 ld-.

493 197 556 216 cedens,
570 197 611 213 sicut
624 202 668 213 arnor
680 197 752 218 procedit
766 197 786 213 ab
799 199 867 213 amante.

492 221 576 242 Quumque
587 222 651 240 dicitur,
659 222 729 242 Spiritus
739 222 806 238 Sanctus
817 226 869 242 proce-

493 246 516 261 dit
527 248 544 261 ut
555 251 605 265 amor,
614 246 629 267 ly
640 249 663 265 nt,
672 248 696 262 est
707 246 816 267 expressivum
828 246 870 262 veri—

493 271 530 286 tatis
540 271 562 286 rei
572 276 575 286 :
584 276 621 287 nani
632 271 653 287 ita
665 271 737 292 procedit
746 271 788 292 quod
799 275 836 286 vere
846 272 869 286 est

493 300 543 311 arnor.
553 296 588 312 ldeo
599 300 630 312 non
641 298 665 311 est
674 296 784 316 expressivum
795 295 870 311 similitu-

493 320 535 336 dinis
543 320 592 341 hujus
600 321 706 341 processionis
713 321 732 336 ad
742 321 818 336 rationem
827 324 870 335 amo-

494 345 528 361 ris:
537 345 612 366 quoniam
623 350 668 361 amor
678 345 767 361 secundum
777 349 822 360 suam
833 345 870 360 rati-

494 374 540 385 onem
552 370 591 385 dicit
601 370 662 390 aliquid
674 370 753 385 inherens
763 369 828 387 amanti,
839 374 870 385 noo

494 394 533 410 dicit
542 394 602 415 aliquid
614 399 642 415 per
652 399 669 410 se
679 394 777 413 subsistens3
785 396 801 410 et
810 394 870 409 dicitur

494 419 580 439 procedere
587 419 608 434 ab
615 421 682 437 amante,
687 419 725 439 quia
733 418 809 434 affectum
817 423 870 434 anian-

494 443 514 458 tis
522 443 560 459 lacit
571 443 635 459 tendere
643 444 659 459 in
670 445 746 459 amatum.
754 443 806 462 Ouum
816 443 870 463 itaque

90 471 109 483 eo
119 471 147 487 per
159 467 188 483 hoo
199 467 241 488 quod
254 467 295 488 magi
308 467 393 483 Pharaonis
404 467 466 483 desece-
476 468 487 484 B
494 472 539 483 amor
546 470 591 483 actus
600 468 621 483 sit
628 468 720 486 voluntatis,
730 469 773 488 patet
782 468 825 488 quod
835 467 870 488 Spi-

66 500 84 508 nn.
92 494 128 509 runt
139 492 154 507 in
167 492 213 507 tertio
223 492 274 512 siguo,
283 492 359 511 dicentes,
369 492 429 513 Digitus
439 492 465 508 Dei

91 518 114 532 est
124 516 159 536 liic;
167 516 206 532 dicit
215 517 268 537 glossa
277 517 360 537 Augustini
371 517 465 537 significari,

91 541 133 561 quod
145 541 235 562 philosophi
247 541 274 562 qui
287 544 395 562 cognoverunt
404 541 465 557 Patrem

91 568 106 581 ει
116 565 179 584 Filium,
188 566 281 582 deiecerunt
292 566 307 582 in
316 566 407 586 cognitione
417 566 466 586 Spiri-

92 592 117 606 tus
125 590 185 609 Sancti,
194 591 221 611 qui
233 591 292 611 digitus
303 591 330 606 Dei
340 593 411 609 vocatur,
421 591 466 611 juxta

56 615 130 632 .1‚2.illud
144 620 148 631 5
160 615 176 631 Si
189 615 206 631 iu
221 615 270 635 digito
282 615 308 631 Dei
322 615 370 635 ejicio
382 615 465 631 damonia.

33 733 61 758 ’nm
66 748 74 758 τ.

39 915 60 926 m.
65 918 79 927 ιι,

38 987 79 999 Mis

92 639 153 656 Modum
164 642 217 655 autern
231 640 337 660 processionis
347 640 416 660 Spiritus
428 639 467 655 San-

93 664 119 682 cti,
126 664 201 680 videlicet
209 664 251 685 qnod
261 664 332 685 procedit
339 666 357 680 ιιι
364 669 414 683 amor,
423 664 467 680 colli-

92 689 114 709 git
125 689 223 709 Augustinus
235 693 254 704 ex
266 693 285 704 eo
295 689 337 709 quod
349 689 371 704 ait
382 689 449 705 ioannes
462 693 465 705 :

55 719 85 728 ι--κ-
93 713 132 729 Deus
139 714 197 729 caritas
205 716 238 733 eet;
246 716 262 729 et
270 718 329 732 rursus,
335 713 400 729 Dilectio
408 718 427 729 ex
436 714 467 729 Deo

92 740 120 754 ost.
131 738 171 758 Ergo
184 738 200 754 in
212 738 272 754 divinis
283 740 307 754 est
319 738 383 754 dilectio
395 743 431 759 quaa
443 740 467 754 est

495 492 534 508 ritus
544 492 611 508 Sanctus
621 493 693 513 procedit
702 497 731 513 per
740 492 805 508 moduni
814 492 870 508 volun-

495 517 536 535 tatis,
549 517 591 533 sicut
608 517 657 533 Filius
671 517 744 538 procedit
760 521 789 537 por
804 517 869 533 modum

494 543 555 557 naturae
565 543 581 557 et
592 541 681 557 intellectus
693 546 697 557 ι
708 541 724 557 id
734 544 763 560 est,
774 541 816 557 sicut
825 541 870 557 Pater

493 568 559 586 generat
566 566 626 581 virtute
633 568 694 582 naturas
704 568 721 581 ut
730 568 787 581 natura
796 568 825 584 est,
835 570 871 586 pro-

494 593 511 606 ut
519 593 576 606 natura
585 591 645 606 dicitur
652 591 676 606 vis
685 590 733 606 insita
742 590 790 606 rebus
799 595 819 606 ex
826 590 870 606 simi-

495 615 537 630 libus
545 615 603 630 similia
612 619 705 635 procreans3
713 615 737 630 sic
745 615 790 630 Pater
797 617 813 630 et
820 614 870 630 Filius

494 639 553 655 virtute
568 642 629 655 naturae
643 642 661 655 ιιι
675 639 749 655 voluntas
764 641 793 658 est,
808 639 870 660 spirant

493 668 564 679 amorem
574 664 679 684 personalem,
687 664 715 684 qui
724 666 748 679 est
757 664 826 684 Spiritus
834 663 871 679 San-

494 690 535 704 ctus*
548 688 567 704 Et
581 689 655 709 quamvis
669 689 701 704 sint
718 689 745 704 alii
762 688 808 704 multi
826 691 871 704 actus

494 713 586 732 voluntatis,
595 715 647 729 tamon
658 713 700 729 inter
707 718 734 729 eos
744 717 789 729 amor
798 713 871 729 consistit

495 738 586 758 perfectior,
592 738 620 758 qui
628 740 652 754 ost
660 738 751 754 divinarum
759 738 870 754 Personarum*

93 762 132 778 Deus
141 767 161 778 ex
171 762 211 783 Deo;
220 764 235 778 et
245 762 272 778 illa
282 763 372 778 necessario
380 765 404 778 est
414 767 467 783 perso-
476 762 487 778 G
494 762 534 778 Hine
545 767 593 783 penas
604 763 657 783 ipsum
667 763 736 778 sumitur
747 762 826 783 processio
835 767 871 783 per-

92 792 112 803 na
120 792 123 803 :
132 787 209 808 quoniam
221 787 236 803 in
248 787 307 803 divinis
316 787 368 803 solum
378 789 402 803 est
411 787 468 803 distin-

92 812 123 828 ctio
129 812 212 832 originalis
219 816 247 827 seu
256 812 316 828 rationo
323 812 395 832 originis,
400 817 436 832 qum
444 814 467 828 est

92 836 173 852 distinctio
180 836 274 857 personalis.
283 836 342 852 Deinde
349 837 392 857 quod
399 837 467 852 Joannes

92 861 173 882 apostolus
180 861 253 877 attribuit
261 861 342 877 dilectioni
351 866 387 881 quo
396 863 420 877 est
427 861 468 877 Deus

92 890 111 901 ex
121 886 158 904 Deo,
167 885 240 901 attribuit
250 886 317 906 Spiritui
329 886 391 904 Sancto,
400 886 455 901 dicens
463 890 467 901 :

93 910 108 926 ln
121 910 151 926 hoc
163 910 274 931 cognoscimus
287 910 325 931 quia
338 910 353 926 in
368 910 402 931 ipso
415 915 468 926 mane-

93 940 127 950 mus
135 937 151 951 et
162 935 196 955 ipse
206 935 222 950 in
233 935 285 953 uobis,
293 935 332 955 quia
341 935 361 950 de
371 935 431 955 Spiritu
439 939 468 951 suo

92 960 135 975 dedit
146 959 199 975 nobis.
206 959 239 975 Hoc
249 959 293 975 enim
303 959 348 980 prius
359 959 432 975 attribuit
443 964 468 975 ca-

93 984 140 1003 ritati,
153 984 221 1000 dicendo
233 988 237 999 z
248 984 290 999 Deus
302 984 359 1000 caritas
371 986 400 1002 ost,
412 986 428 999 et
440 984 467 1004 qui

93 1010 146 1024 manet
157 1009 173 1024 in
184 1009 255 1027 caritate,
264 1009 280 1024 in
292 1008 323 1024 Deo
334 1011 393 1027 manet,
402 1011 417 1024 et
427 1009 468 1024 Deus

93 1033 108 1048 in
120 1037 144 1049 εο.
153 1042 174 1044 -
183 1032 249 1049 Ratione
261 1037 324 1053 quoque
337 1033 379 1049 idem
392 1033 468 1053 probatur

495 787 559 806 sonalis,
571 789 587 803 et
599 787 666 803 includit
679 788 695 803 in
706 792 723 803 se
736 792 783 803 omne
795 787 837 808 quod
848 789 872 803 εει

495 812 587 831 voluntatis,
600 812 735 832 quemadmodum
751 812 799 828 Filius
818 816 872 832 prooe-

495 837 534 852 dens
545 839 562 852 ut
571 837 638 852 verbum
650 837 740 852 intellectus
750 837 818 852 includit
828 836 844 852 in
854 841 871 852 se

495 866 559 877 omnem
567 861 689 877 intellectualem
697 861 846 882 apprehensionem,
852 861 872 876 si-

496 891 515 902 ve
524 886 544 901 sit
554 886 593 904 veri,
604 890 632 901 seu
643 885 686 901 boni.
695 885 831 904 Quemadmodum
844 890 872 901 au-

496 913 528 926 tem
539 910 599 926 ratione
611 910 716 931 processionis
727 910 743 926 in
753 912 830 930 quantum
842 910 872 925 hu-

495 935 571 955 jusmodi,
587 934 656 955 Spiritus
672 934 739 950 Sanctus
756 936 780 950 est
796 934 871 950 distincta

496 964 564 980 persona
575 964 584 975 a
595 959 640 975 Patre
651 961 667 975 et
681 958 731 977 Filio:
745 959 766 974 ita
779 961 795 974 et
810 959 871 974 ratione

496 984 538 999 modi
554 983 665 1004 processionis,
681 985 696 999 et
713 984 729 999 in
744 985 822 1004 qnantum
838 983 871 999 inec

497 1008 576 1029 processio
584 1010 608 1024 est
616 1013 644 1029 per
651 1008 717 1024 modum
725 1008 788 1026 amoris,
796 1008 831 1028 ipse
838 1007 871 1028 Spi-

497 1033 536 1049 ritus
543 1033 610 1049 Sanctus
617 1035 641 1048 est
648 1037 692 1049 amor
700 1032 750 1048 Patris
760 1032 775 1048 in
784 1032 848 1051 Filium,
855 1034 871 1048 et

92 1058 114 1073 ai(-
123 1062 126 1073 :
135 1057 181 1073 Pater
192 1059 208 1073 et
219 1057 273 1076 Filius,
285 1062 315 1073 non
326 1058 378 1073 solum
389 1059 406 1073 ιιι
418 1062 467 1073 unum
476 1058 488 1074 i)
496 1058 530 1073 Filii
544 1058 560 1073 in
573 1058 640 1076 Patrem,
654 1059 671 1073 ut
685 1057 724 1073 dicit
738 1057 843 1078 Hieronymus
856 1059 872 1073 et

92 1084 134 1100 sunt,
140 1082 168 1097 sod
176 1082 224 1097 etiam
234 1081 249 1097 in
258 1084 336 1102 quantum
344 1084 382 1097 sunt
389 1082 468 1098 distinotoe

93 1111 169 1127 personas,
178 1106 267 1122 necessario
275 1107 357 1122 sociantur
364 1106 418 1127 aliquo
426 1111 468 1122 arno-

93 1136 107 1147 re
116 1136 120 1147 t
129 1131 168 1151 quia
175 1131 264 1147 secundum
272 1131 468 1151 Philosophum,amieilia

92 1158 118 1171 aut
130 1157 155 1171 est
167 1155 254 1174 beatitudo,
266 1157 294 1171 aut
307 1160 337 1171 non
350 1157 375 1171 est
386 1155 468 1171 beatitudo

92 1180 125 1196 sine
140 1184 165 1199 ea,
177 1184 196 1196 eo
209 1180 251 1200 quod
264 1180 323 1196 nullius
337 1180 373 1196 boni
390 1180 468 1200 possessio

91 1204 162 1225 jucunda
169 1206 193 1220 est
201 1204 235 1220 sine
243 1205 291 1223 socio,
300 1206 318 1220 ut
325 1204 385 1220 Seneca
393 1207 468 1225 protest&

92 1231 123 1245 tur.
135 1229 206 1249 Denique
216 1233 262 1245 amor
272 1229 299 1245 ille
310 1233 342 1245 non
353 1231 377 1245 est
388 1229 467 1248 accidens,

92 1254 130 1274 quia
137 1253 167 1269 hoc
178 1258 209 1269 non
219 1254 262 1269 cadit
271 1253 287 1269 in
298 1253 329 1269 Deo
338 1258 341 1269 :
350 1256 374 1269 est
383 1258 421 1274 ergo
430 1254 468 1269 sub-

92 1278 155 1294 stantia.
163 1278 193 1294 sed
201 1282 232 1294 non
240 1280 264 1294 est
271 1278 360 1294 substantia
368 1278 398 1294 sub
407 1278 467 1294 ratione

92 1303 169 1321 essentia,
178 1302 255 1323 quoniam
263 1303 291 1318 illa
298 1305 322 1319 est
329 1302 441 1319 distinctorum
450 1305 467 1319 ut

93 1332 142 1343 unum
153 1329 197 1346 suut,
204 1329 220 1343 et
231 1332 262 1343 non
275 1330 292 1343 ιιι
304 1330 341 1343 sunt
353 1328 430 1343 distincti.
439 1328 467 1343 Est

496 1082 564 1098 habetur
575 1082 591 1098 ιιι
603 1082 655 1098 littera
663 1087 667 1098 z
675 1082 752 1103 quoniam
764 1082 816 1098 omnis
827 1086 872 1098 amor

495 1107 552 1123 transit
563 1107 578 1122 in
589 1109 660 1123 amatum
672 1109 689 1122 ut
699 1107 715 1122 in
726 1107 813 1127 objectum.

515 1131 586 1152 Denique
594 1132 655 1147 ratione
662 1131 711 1152 hujus
718 1132 761 1147 modi
770 1131 870 1152 pmcedendi.

495 1156 593 1176 Augustinus
602 1158 646 1172 sexto
656 1158 672 1171 et
681 1156 801 1176 quintodecimo
810 1156 830 1171 de
838 1156 872 1171 Tri—

496 1180 544 1196 nitate
556 1180 606 1196 multa
616 1180 689 1196 attribuit
699 1180 766 1200 Spiritui
776 1179 839 1199 Sancto,
847 1180 871 1196 vi-

495 1205 553 1220 delicet
560 1205 602 1225 quod
612 1207 636 1220 est
645 1204 729 1220 amborum
739 1204 802 1223 caritas,
811 1205 870 1223 unitas,

494 1230 576 1248 sanctitas,
584 1234 634 1245 nexus
642 1229 675 1245 sivo
683 1229 780 1249 conjunctio,
787 1229 869 1245 vinculum

495 1254 538 1274 pacis
553 1256 569 1269 et
583 1254 701 1274 conjunctionis
715 1253 799 1269 ambobus*
813 1253 832 1269 Et
846 1256 870 1269 est

495 1279 559 1299 proprie
571 1278 640 1299 Spiritus
652 1278 719 1294 Sanctus
728 1283 731 1293 :
740 1278 765 1294 cui
778 1278 808 1294 ista
819 1278 870 1299 magis

494 1303 592 1319 oonveninnt
601 1303 661 1319 ratione
670 1302 712 1319 rnodi
722 1303 824 1323 procedendi,
832 1303 871 1324 quia

494 1328 581 1344 seeundum
593 1328 644 1348 ipsam
655 1327 772 1348 processionem
785 1328 835 1348 inagis
846 1330 869 1344 est
