1088 1569
258 130 314 143 nunsr.
326 130 343 141 ιιι
353 131 357 142 ;
369 130 419 142 unum
430 130 475 142 ιΝτΙΙι
485 130 538 142 υινιῐυι
549 131 633 142 ΛπΙιιΒιιτΛ
645 131 667 143 sn·
678 131 717 143 omo

845 127 874 143 177

96 172 136 187 dum
147 172 190 193 quod
201 172 248 188 habet
259 173 275 189 in
286 178 303 189 se
315 173 429 194 perfectionem
440 173 473 193 pie-
481 172 537 189 Anem
553 173 636 189 formalem
649 173 664 189 in
676 174 708 190 Deo
720 174 767 190 modo
780 173 873 195 proehabito,

96 196 134 212 tatis
149 201 177 212 seu
192 197 317 217 miseriem-dim
333 198 390 218 punire
405 202 443 213 vero
457 199 473 213 et

95 221 179 240 damnare,
190 224 236 242 prout
246 222 294 238 hebet
304 222 320 238 in
330 227 347 238 se
358 222 472 243 perfectionem

94 245 173 266 justitiae3
184 246 240 267 sicque
250 247 270 262 de
280 246 321 262 aliis.
333 246 439 263 Conformiter
449 247 473 262 di-

96 274 121 289 eo.
133 271 176 291 quod
187 271 228 287 Deus
238 271 314 292 inlelligit
324 276 346 290 se,
359 273 406 292 prout
417 272 432 287 in
444 276 473 287 sua

96 295 167 311 essentia
176 296 267 312 continetur
275 296 315 312 ratio
325 301 353 312 seu
362 296 439 317 perfectio
446 301 472 312 ve-

97 320 159 340 ritatis3
170 322 186 336 et
196 320 231 336 vult
242 325 265 340 se,
277 323 325 341 prout
336 321 352 337 in
364 326 393 337 sua
404 321 473 337 essentia

96 344 171 360 consistit
188 345 265 365 perfectio
281 345 363 361 bonitatis*
378 346 429 366 Atque
444 350 473 366 per

96 369 140 385 hunc
152 370 217 385 modum
228 370 312 386 solvuntur
324 370 378 386 omnia
390 375 473 391 argumen-

96 395 113 409 ta
124 394 222 414 hujusmodi.

118 418 150 434 Nec
157 423 214 435 verum
223 421 247 435 est
256 419 299 440 quod
309 419 390 435 distinctio
400 419 472 435 formalis

96 448 125 459 seu
133 448 153 459 ex
161 446 218 459 natura
226 444 254 463 rei,
264 444 355 465 requiratur
363 444 382 460 ad
390 444 419 460 hoc
429 444 471 465 quod

501 202 532 213 non
545 198 583 214 salis
595 198 681 217 subtiliter,
692 203 721 214 nec
730 203 768 214 vere
780 201 826 214 acute
837 203 874 214 con-

500 223 572 243 templati
587 223 619 238 sint
631 223 696 239 Deitatis
708 223 826 244 simplicitatem
841 228 844 238 ι
858 223 874 238 ἰιι

500 251 531 267 qus
539 247 595 268 utique
602 247 654 263 omnis
662 247 738 268 perfectio
746 248 835 264 continetur
843 252 873 264 non

501 272 522 287 ila
532 272 621 288 formaliter
630 273 672 288 sicut
682 272 712 293 ipsi
724 273 836 293 imaginamur,
847 273 874 288 sed

500 297 643 317 supereminenter,
654 299 671 313 ut
680 297 745 313 divinus
755 297 839 318 Dionysius
849 297 875 313 do-

500 323 525 337 est
535 323 552 337 et
562 322 618 342 patuit.

605 401 724 420 QUAESTIO
740 402 771 418 111

96 468 220 484 contradictoria
227 468 247 484 de
254 469 309 484 eodem
317 468 422 484 verificentur
429 473 432 484 ε
440 468 472 484 imo
481 467 493 483 B
531 467 575 483 Ertio
585 468 667 488 quaeritur,
676 468 749 485 Utrum
759 469 813 485 inter
823 468 874 485 nivi-

96 492 178 508 interdum
190 492 253 508 sufficit
264 493 298 509 sols
308 493 390 509 distinctio
401 495 429 509 ant
441 493 472 509 dis-

97 517 204 537 tinguibilitae
216 517 287 536 rationis,
297 522 325 533 seu
335 517 472 539 superexuberan-

97 541 120 556 tia
128 542 224 558 omnimoda
232 542 335 562 perfectionis
344 542 416 562 ejusdem
424 542 471 558 etiam

96 566 222 586 simplicissimo
232 566 260 582 rei.
269 566 318 587 Cujus
326 567 418 587 exemplum
428 566 472 587 ponit

97 590 165 606 Thomas
176 591 196 606 de
206 593 267 609 centro,
277 591 332 607 dicens
342 595 345 607 :
356 591 400 607 Tunc
411 591 471 611 aliquid

96 617 122 630 eat
129 620 179 631 unum
187 620 204 631 re
213 617 229 631 et
239 615 323 636 multiplex
334 616 399 634 ratione,
408 616 472 636 qnando

97 644 129 655 una
137 644 162 655 res
169 640 283 660 correspondet
290 640 358 656 diversis
368 640 472 661 conceptibus

96 666 144 684 atque
157 664 255 683 nominibus,
269 667 287 680 ut
298 665 318 680 de
330 669 349 680 ea
361 664 471 684 verificantur,

96 689 232 709 quemadmodum
241 691 318 710 punctum
327 694 331 705 2
340 689 381 710 quod
393 694 442 710 quum
451 689 472 705 sit

95 718 129 729 una
144 718 174 732 res,
187 714 300 735 correspondet
312 714 391 730 veraciter
405 714 472 730 divorsis

95 738 230 759 conceptionibus
243 739 262 754 de
275 743 294 755 eo
306 739 411 759 apprehensis
425 741 472 759 prout

535 496 561 509 ne
573 492 672 509 attributa
683 493 711 509 sit
722 493 776 510 ordo.

519 516 585 532 Videtur
592 517 634 538 quod
643 522 679 533 non*
686 517 743 536 Primo,
749 517 825 538 quoniam
833 517 874 533 Deus

499 543 523 557 est
531 541 616 562 purissima
624 542 680 558 unitas.
687 542 703 557 ln
712 542 773 557 unitate
780 544 833 557 autern
842 546 873 558 non

499 567 523 581 est
533 566 577 582 ordo,
587 566 638 584 Ouum
650 571 688 587 ergo
700 566 776 582 attributa
788 566 821 582 sint
833 566 874 587 ipse-

500 592 532 606 met
543 591 588 609 Dcus,
600 595 632 607 non
643 593 708 612 apparel
719 591 761 612 quod
773 591 814 606 inter
825 596 843 607 ea
853 591 874 607 sit

499 615 543 631 ordo.
552 615 630 634 Secundo,
639 616 677 636 quia
685 616 701 631 in
709 615 740 631 Deo
748 615 788 631 nihil
797 618 820 631 est
829 616 874 636 prius

499 641 527 655 aut
539 640 618 660 posterius
629 645 632 656 :
643 640 670 656 sed
684 640 699 656 in
712 640 755 656 omni
768 640 824 656 ordine
836 642 875 656 sunt

500 664 544 685 prius
555 667 603 685 atque
615 665 699 685 posterius.

519 714 542 729 Ad
552 714 592 729 hunc
601 714 705 734 questionem
716 715 801 735 respondet
810 714 875 730 Richar-

499 738 529 754 dus
542 743 546 754 2
561 738 660 759 lmpossibile
672 741 696 754 est
709 743 743 754 esse
755 739 827 754 ordinem
840 739 875 755 sine

96 763 176 783 cogitatur
186 763 202 778 in
212 767 234 782 se,
243 765 259 779 et
268 765 316 784 prout
324 763 402 784 cogitatur
411 765 428 778 ut
436 768 472 779 cen-
481 763 492 779 C
500 762 596 783 pluralitate.
604 762 688 784 Quumque
699 763 741 779 inter
750 763 826 779 attributa
836 763 875 779 divi-

96 790 147 807 trum,
158 793 187 804 seu
199 790 245 809 prout
256 789 334 809 cogitatur
345 790 362 804 ut
374 788 471 809 principium

97 812 183 828 linearum.
189 812 208 828 Et
216 813 240 829 hae
249 813 317 829 rationes
324 818 352 828 seu
360 813 472 834 conceptiones

98 837 160 853 suntin
168 837 250 853 intellectu
259 838 298 853 utin
306 837 383 858 subjecto,
388 840 404 854 et
410 838 426 853 in
434 843 473 858 ρων

98 864 124 878 cto
132 864 207 883 tanquam
215 862 232 878 in
239 862 342 878 fundamento
349 867 403 878 earum
409 867 412 878 ι
419 867 473 883 quam-

98 886 123 902 vis
133 887 175 902 istud
185 887 277 907 exemplum
287 891 319 903 non
329 887 350 902 sit
358 892 472 907 usquequaque

99 911 201 930 conveniens,
210 911 251 927 sicut
261 916 290 927 nec
300 911 331 927 alia
341 916 376 932 quie
387 912 403 927 in
413 912 473 927 divinis

100 936 203 952 inducuntur.
209 935 245 951 nac
251 936 324 952 Thomas.
330 945 350 947 —
356 936 403 952 Porro
410 936 473 952 Richar-

100 960 129 976 due
139 960 183 981 ponit
190 960 282 981 exemplum
293 961 312 976 de
322 961 401 979 albedine,
410 965 446 981 quie
456 961 472 976 in

100 987 177 1005 qusntum
188 985 237 1004 wlor,
247 985 322 1001 convenit
332 990 368 1001 cum
379 985 471 1006 nigrediue3

100 1009 127 1025 aod
138 1009 153 1025 in
164 1012 242 1030 quantum
253 1009 315 1028 albedo,
324 1009 379 1025 differt
389 1009 409 1025 ab
421 1009 453 1025 illa.

121 1033 190 1055 Denique
202 1036 276 1055 pmtacta
288 1036 418 1055 argumentorum
430 1034 472 1050 Senti

500 792 520 803 ne
531 792 562 803 non
573 788 594 803 sit
604 788 650 803 realis
661 788 749 808 pluralitus,
758 792 790 804 non
800 790 824 804 est
834 788 876 804 inter

500 817 518 827 ea
528 812 567 828 ordo
577 812 629 828 realis.
641 812 667 828 Est
677 815 730 828 lamen
741 813 783 828 inter
793 817 812 828 ea
821 812 875 833 aliqua

500 836 583 857 pluralitas
590 837 606 852 in
615 837 732 857 comparatione
739 837 759 852 ad
767 837 874 853 intellectum:

500 866 536 881 quae
545 863 569 877 est
577 861 660 882 pluralitas
671 861 742 880 rationis,
750 862 789 882 quia
796 866 827 877 non
838 866 876 877 con-

500 886 574 906 sequitur
580 891 599 902 ea
607 886 637 902 nisi
646 886 734 902 secundum
743 886 785 906 quod
794 886 875 902 intellecta

500 908 544 926 sunt}
555 910 612 931 Sicque
623 912 646 926 eet
659 910 697 926 ordo
710 910 751 926 inter
763 910 839 926 attributa
851 915 875 926 se-

500 935 570 951 cuudum
586 935 663 951 rationem
678 935 783 955 intelligendi,
796 935 811 950 in
824 939 875 955 quan-

500 962 534 975 tum
544 959 634 975 intellectus
644 961 697 975 noster
707 959 776 980 priorem
786 961 802 975 et
811 964 875 980 genera-

500 984 557 1000 liorem
567 984 688 1005 conceptionem
699 984 736 999 facil
749 984 769 999 de
781 988 813 1000 uno
825 989 873 1004 quam

500 1009 520 1024 do
530 1008 567 1024 alio.
579 1008 637 1029 Sicquo
648 1008 693 1029 prius
703 1010 727 1024 est
738 1013 772 1024 esse
783 1008 815 1027 Dei,
826 1013 875 1029 quam

500 1033 565 1054 aliquod
580 1033 675 1049 attributum
690 1033 737 1053 ejua;
749 1035 765 1049 et
780 1033 875 1054 intelligere,

101 1058 156 1075 :nlntio
170 1058 276 1075 confirmetur
288 1063 317 1079 per
329 1058 377 1074 verba
391 1058 472 1078 Ber-nardi,
481 1060 492 1075 D
500 1063 548 1079 quam
556 1058 605 1078 velle;
613 1060 629 1074 et
636 1058 713 1073 attributa
722 1058 818 1078 pertinentis
825 1058 844 1074 ad
853 1058 876 1074 in-

102 1083 118 1098 in
128 1083 167 1099 libro
176 1084 196 1099 de
206 1083 334 1099 Considerationc
344 1083 411 1099 dicentis
420 1088 423 1099 :
433 1083 473 1099 Deus

102 1110 142 1123 amat
155 1110 172 1123 ιιι
186 1108 249 1126 caritas,
262 1108 307 1124 novit
321 1110 338 1123 ut
351 1107 415 1126 veritas,
429 1108 473 1123 sedet

102 1134 120 1147 ιιι
126 1132 193 1153 aequitas,
198 1133 290 1148 dominatur
298 1135 315 1148 ut
322 1132 402 1153 majestas,
407 1132 448 1153 regit
455 1135 473 1148 ιιι

103 1156 203 1178 principium,
214 1159 268 1173 tuetur
280 1159 297 1173 ut
309 1157 358 1176 salua,
369 1159 444 1177 operatur
455 1159 473 1173 ut

102 1180 155 1200 virtus,
166 1182 225 1198 revelat
237 1184 255 1197 ut
266 1182 299 1200 lux,
312 1182 374 1198 adsistit
387 1184 404 1197 ut
416 1182 471 1202 pietas.

123 1205 142 1221 Ex
153 1206 176 1222 liis
186 1208 240 1222 cetera
250 1206 289 1222 solvi
301 1208 368 1227 possunt
378 1206 446 1226 objecta,
457 1208 473 1222 et

103 1230 171 1250 quadam
183 1231 231 1251 paulo
246 1232 282 1251 post
296 1231 378 1247 solventur
390 1231 472 1250 diffusius,

103 1255 164 1274 scilieet,
171 1255 240 1276 qualiter
247 1256 316 1271 essentia
323 1258 339 1271 et
347 1255 403 1271 relatio
410 1255 443 1271 sola
451 1260 473 1271 ra-

104 1279 145 1295 tione
153 1280 231 1296 distincte
240 1280 278 1296 sint.
286 1280 364 1296 Similiter
373 1285 409 1300 qun
418 1280 473 1296 Scotue

69 1319 72 1322 .
103 1303 157 1323 objicit
166 1307 221 1321 contra
231 1304 323 1324 flenrieum,
334 1304 375 1321 iufra
386 1304 472 1321 solventur.

104 1328 129 1344 Ex
136 1329 158 1345 liis
166 1332 237 1350 apparet,
246 1330 288 1351 quod
298 1332 375 1351 ponentes
385 1330 474 1346 distinctio-

163 1362 179 1376 Τ,
187 1363 207 1377 10.

501 1083 585 1101 tellectum,
596 1087 644 1103 quam
657 1082 759 1103 respicientia
769 1083 875 1099 voluntatem.

501 1107 519 1123 Ει
532 1107 589 1128 loquor
600 1107 620 1123 de
632 1107 688 1123 ordine
701 1107 810 1128 conceptionis
825 1108 874 1123 nostri

501 1132 596 1151 intellectus,
611 1132 715 1152 intelligentis
729 1132 807 1147 attributa
820 1132 874 1148 divina

500 1157 588 1173 secundum
597 1156 669 1173 ordinem
679 1156 725 1172 illum
736 1161 768 1177 quo
777 1158 815 1172 sunt
824 1156 875 1177 magis

500 1184 537 1202 apta
552 1181 625 1201 intelligi.
635 1181 694 1201 Sicque
708 1181 747 1197 ordo
761 1181 874 1197 attributorum

500 1208 524 1221 est
531 1206 574 1226 quod
582 1206 633 1226 primo
640 1205 745 1226 intelligimus
752 1210 786 1221 esse
793 1205 873 1226 divinum3

500 1231 575 1249 secundo,
589 1230 678 1251 intelligere
689 1235 748 1250 suum;
761 1230 814 1249 tertio,
827 1234 874 1246 suum

500 1255 547 1272 velle.
560 1255 579 1271 Et
592 1255 633 1271 inter
645 1260 682 1271 suas
694 1254 799 1276 perfectiones
813 1254 874 1275 priores

500 1282 539 1296 aunt
551 1280 567 1296 in
580 1282 633 1296 nostr·
647 1280 708 1295 ratione
723 1279 829 1300 intelligendi,
842 1279 874 1295 illu

501 1309 537 1325 que
547 1304 635 1325 respiciunt
643 1304 692 1320 Deum
703 1304 719 1319 in
729 1306 806 1324 quantum
817 1306 841 1320 eet
850 1308 875 1319 es-

501 1329 559 1348 sentia,
572 1334 620 1349 quam
636 1333 672 1349 qun
686 1329 774 1349 respiciunt
789 1329 843 1349 ipsum
858 1328 874 1344 in

796 1362 811 1375 12
