1088 1569
282 130 336 144 unas-is
346 130 370 142 sn
380 130 464 142 nmms‘rio
475 130 520 142 nrran
530 130 615 142 Ari-nunna
625 130 678 142 mvnu
839 126 867 143 161

88 174 149 188 cuncta
158 172 244 193 concipiat-
252 172 309 193 Sicque
319 173 373 188 divina
385 174 441 188 natura
451 174 468 188 ut
475 173 487 188 Α
495 173 568 189 tellectus
583 173 660 189 naturalis
672 174 726 192 creati,
739 173 767 194 qui
782 178 813 189 non
826 173 869 194 capit

89 196 106 212 in
115 202 145 212 sua
152 197 255 218 simplicitate
263 197 367 216 considerata,
375 197 435 213 dicitur
443 202 468 213 na-

88 223 127 237 tum
136 226 165 237 seu
174 222 248 237 essentia.
257 222 305 242 Cujus
316 222 356 238 ratio
364 222 428 243 propria
438 224 467 241 eat,

89 247 134 267 quod
145 246 210 267 respicit
217 246 248 262 alia
257 247 299 262 sicut
307 247 323 262 in
332 252 363 267 qua
373 247 466 263 fundantur.

89 271 109 287 Ut
117 276 155 287 vero
164 273 189 287 est
198 273 275 292 concepta
282 273 298 287 et
308 272 367 287 motiva
378 272 468 287 intellectus

89 296 110 311 ad
121 298 174 312 actum
185 296 290 317 intelligendi,
298 296 358 312 dicitur
368 296 431 312 veritas⁴
440 296 468 312 Cu·

89 320 118 341 jus
130 321 196 341 propria
208 321 248 337 ratio
259 323 288 339 est,
299 323 316 336 ut
329 321 403 341 respiciat
415 326 468 337 essen-

90 345 131 361 tiam
142 347 189 366 prout
198 346 267 361 essentia
276 348 300 361 est
309 345 351 361 sicut
362 346 378 361 id
388 346 434 366 cujus
444 347 468 361 est

90 369 188 386 declarativa
195 370 238 391 apud
246 370 353 390 intellectum;
362 370 437 391 respiciat
444 375 469 386 ve-

91 399 109 410 ro
123 394 221 410 intellectum
234 396 252 410 ut
263 394 278 410 id
290 395 316 410 cui
330 395 377 411 habet
388 395 468 411 declarare

91 421 107 435 et
121 419 232 439 manifestum
243 419 318 440 respiciat
329 424 367 435 vero
378 422 431 435 actum
444 420 469 435 in—

91 444 174 464 telligendi
188 444 230 460 sieut
242 444 257 459 id
270 448 302 464 quo
313 444 393 464 declarat3
406 444 468 465 sapien-

495 197 550 213 divina
562 197 592 213 nisi
606 202 634 218 per
643 199 701 217 creata,
712 202 762 218 quum
774 200 827 213 tamen
838 198 868 214 dis-

495 222 552 238 tinctio
566 222 617 242 accipi
631 222 687 238 debeat
702 227 730 243 per
745 225 835 243 respectum
850 223 869 238 ad

496 246 594 262 intellectum
606 246 676 266 beatum,
686 247 756 263 maxime
768 247 856 263 increatum
865 252 869 264 :

495 272 522 292 qui
536 271 611 292 intelligit
623 272 675 292 primo
688 274 704 287 et
716 276 744 292 per·
756 277 772 287 se
783 272 843 291 divina,
855 274 872 288 et

495 298 612 317 consequenter
625 296 664 316 (non
680 299 758 317 ternpore,
772 297 800 312 aed
815 297 871 312 ordine

496 321 564 341 natum)
573 321 613 341 alia;
624 323 640 336 et
651 321 706 337 divina
719 326 747 341 per
759 326 782 340 se,
792 321 824 337 alia
834 326 872 337 vero

496 350 527 361 non
538 346 569 361 nisi
579 350 598 361 ex
610 348 682 366 respectu
692 348 708 361 et
718 346 836 366 comparatione
846 351 872 362 eo—

497 375 531 386 rum
543 370 562 386 ad
573 370 633 386 divina.

515 395 570 415 ltaque
577 395 659 411 distinctio
666 395 779 411 attributorum
788 395 832 411 nullo
840 400 871 412 mo-

496 420 516 435 do
524 421 549 435 est
556 419 572 435 in
583 424 600 435 re
607 424 626 435 ex
637 421 693 435 natura
703 420 726 435 rei
736 420 814 439 absolute,
823 422 840 436 ut
847 422 871 436 est

496 446 540 460 extra
554 444 662 464 intellectum3
675 449 704 460 nec
717 444 764 460 etiam
780 446 797 460 ut
811 444 827 460 in
842 449 871 460 sua

91 468 130 484 tiam
138 473 182 487 vero,
191 470 267 489 tanquam
277 468 350 484 habitum
358 473 390 489 quo
398 469 467 489 potentia
478 468 596 484 Babeolutione
611 470 635 484 est
649 468 749 484 considerata
764 473 794 489 per
808 469 871 485 intelle-

92 493 190 509 intellectiva
200 493 259 509 babilis
269 496 293 509 est
304 495 322 509 ut
332 493 362 509 sibi
374 493 402 509 fiat
413 493 468 514 hujus-

91 518 135 534 modi
147 517 260 534 manifestatio.
269 518 285 534 In
297 520 374 539 quantum
385 523 423 534 vero
434 518 468 539 ipsa

91 543 161 558 essentia
173 545 196 558 est
208 545 285 563 concepta
299 548 328 564 per
342 545 395 559 actum
410 543 468 559 intelli-

91 568 139 588 gendi
154 568 179 583 sui
194 567 251 588 ipsius,
264 568 323 583 dicitnr
337 568 427 584 intellectus
443 568 468 584 vel

93 592 204 612 intelligentia.
217 592 266 612 Cujus
280 592 344 612 propria
357 593 397 608 ratio
408 595 437 611 est,
451 595 468 608 ut

93 616 168 637 respiciat
175 616 259 632 &sentiam
270 617 358 632 secundum
366 617 408 637 quod
416 621 469 632 essen-

93 641 114 656 tia
122 643 146 656 est
153 641 195 657 sicut
203 641 219 656 id
227 641 269 661 qnod
277 643 300 656 est
307 642 418 662 conceptivurn
426 641 468 661 ejus;

93 666 169 686 respiciat
181 670 218 682 vero
230 666 313 681 veritatem
328 668 345 681 ut
357 666 372 681 id
386 671 414 687 per
426 666 468 686 qnod

92 690 140 706 liabet
151 690 182 706 sibi
194 690 301 710 manifestari,
310 692 363 706 actum
374 695 412 706 vero
423 691 469 706 intel-

92 715 158 735 ligendi,
168 715 210 731 sieut
222 715 238 730 id
250 720 283 736 quo
295 715 415 735 manifestatur3
427 715 469 736 sapi-

92 740 152 755 entiam
162 744 206 758 vero,
220 742 237 755 ut
249 739 370 760 dispositionem
383 740 399 755 in
411 744 428 755 se
441 745 469 761 per

496 495 539 509 ctum
550 493 629 514 simplicis
639 493 753 514 intelligentie,
761 494 792 509 nisi
801 494 846 514 quasi
855 494 871 509 in

496 518 573 539 potentia,
583 520 601 534 ut
612 518 668 539 patuit>
679 518 733 534 Solum
744 523 781 539 ergo
791 518 839 534 habet
848 523 872 534 ea-

496 547 513 558 se
523 543 539 558 in
550 547 568 558 ea
578 544 596 558 ut
606 543 648 558 cadit
659 543 675 558 in
687 543 812 559 consideratione
824 543 872 559 intel-

496 567 547 583 lectus
562 567 674 588 pertractantis
688 569 704 582 et
718 567 815 583 conferentis
829 568 872 584 eirca

496 596 536 611 eam,
553 594 571 607 ut
587 592 648 607 dictum
664 594 692 607 est.
709 592 725 607 Si
740 597 777 608 vero
791 594 872 613 oporteret

495 621 559 632 omnem
570 616 678 632 diversitatem
690 617 769 632 rationum
780 617 871 633 divinornm

496 641 609 657 attributorum
626 641 698 662 accipere
713 641 733 657 ad
749 641 819 662 aliquam
835 646 871 657 rea-

496 665 527 681 lem
540 665 659 681 distinctionem
671 670 720 686 penes
732 670 780 686 quarn
792 666 873 686 ψαίρει-(κ

496 692 527 708 tur,
543 690 594 710 ipsam
609 692 662 705 tamen
679 690 737 705 realem
753 690 871 706 distinctionem

497 719 528 730 non
539 719 634 735 poneremus
643 715 663 730 ad
673 717 723 733 extra,
732 715 760 730 sed
772 715 813 731 intra
824 715 840 731 in
851 715 873 731 di-

496 739 544 758 vinis,
557 741 595 760 puta
607 739 726 755 distinctionem
740 744 844 760 personarum
856 742 872 756 et

93 769 141 785 quarn
151 765 171 780 de
182 764 225 780 facili
236 764 267 780 sibi
279 764 389 780 manifestatur
399 769 403 780 ι
414 765 469 785 sicque
478 765 489 780 C
497 763 605 784 personalium
621 764 745 779 emanationurn.
761 764 813 782 Ouum
828 764 871 780 enirn

93 789 112 805 de
124 789 166 808 aliis,
180 791 212 805 tarn
224 794 244 805 ex
257 791 301 810 parte
317 789 407 805 intellectus
420 794 468 810 quam

93 814 185 830 voluntatis,
195 813 239 829 Unde
250 818 281 829 non
294 814 345 829 solum
358 814 435 829 attributa
445 818 469 829 se-

93 838 163 854 cundum
173 840 274 859 respectuum
282 838 359 854 rationem
367 838 409 854 inter
415 843 432 854 se
439 838 470 854 ‹lis-

93 863 194 883 tingnuntur,
202 862 241 883 quin
252 863 284 878 imo
291 863 360 878 essentia
368 867 431 883 quoque
440 868 469 884 per
479 865 482 869 '

93 887 236 903 considerationem
244 887 332 903 intellectus
339 887 441 908 distinguitur
448 888 469 904 ab

93 912 169 928 omnibus
184 912 271 930 attributis,
288 914 305 927 ut
319 911 396 928 differens
412 917 468 928 secun-

93 937 131 952 dum
144 937 221 952 rationem
232 936 253 952 ab
264 936 344 952 omnibus.
354 937 397 952 Unde
407 939 469 953 constat

94 961 135 982 quod
151 966 182 977 non
200 961 269 976 sumitur
282 960 374 977 differentia
389 962 469 977 rationum

94 986 210 1001 attributalium
223 985 238 1001 in
251 985 283 1001 Deo
294 990 323 1006 per
333 986 468 1006 comparationem

94 1011 112 1026 ad
122 1013 173 1026 extra.
184 1010 223 1026 Nam
235 1010 284 1026 simili
296 1011 357 1026 ratione
367 1015 398 1026 non
409 1011 469 1026 dicere-

94 1037 119 1051 tur
132 1035 185 1051 Deitas
197 1039 231 1051 esse
243 1035 317 1054 essentia,
330 1035 361 1051 nisi
375 1040 404 1056 per
417 1040 469 1056 respe-

497 788 551 804 omnia
563 788 617 804 divina
629 788 706 804 attributa
717 789 807 809 pertineant
818 789 837 804 ad
849 790 872 805 in-

497 813 579 829 tellectum
590 815 617 828 aut
628 813 733 832 voluntatem,
744 813 825 834 Filiuaque
836 818 872 834 pro-

497 838 542 853 cedat
560 842 588 858 per
604 837 669 853 modum
686 837 798 853 intellectualis
814 843 870 859 opera-

497 862 550 881 tionis,
565 864 581 878 et
596 862 665 882 Spiritus
680 862 747 878 Sanctus
763 867 792 883 per
806 863 871 879 modum

497 887 594 907 operationis
604 886 675 902 liberalis
686 891 704 902 ac
715 887 808 903 voluntariae
817 892 820 903 τ
829 892 871 908 quae-

497 916 566 932 cumque
578 911 594 927 in
607 911 688 927 attributis
703 912 783 931 portinent
794 912 814 927 ad
826 912 872 928 intel-

497 936 562 954 lectum,
573 936 671 951 reducuntur
682 937 698 951 et
710 935 769 951 habent
781 938 871 957 respectum

497 961 515 976 ad
527 960 643 976 emanationem
653 960 710 980 Verhi;
719 965 825 981 quincumque
834 966 872 977 vero

497 985 578 1005 pertinent
592 985 612 1000 ad
627 984 731 1003 voluntatem,
744 985 842 1001 reducuntur
857 987 873 1001 et

497 1009 556 1025 habent
568 1011 657 1029 respectum
667 1009 686 1024 ad
697 1009 813 1025 emanationem
823 1009 873 1030 Spiri-

497 1036 522 1050 tus
530 1034 583 1050 Sancti
590 1038 593 1049 :
600 1036 618 1049 ut
625 1034 666 1049 sicut
674 1034 716 1054 apud
724 1034 823 1050 intellectum
830 1040 873 1051 erea-

94 1062 136 1075 ctum
151 1060 171 1075 ad
187 1062 236 1075 extra.
249 1059 292 1078 Quod
307 1062 360 1075 tamen
375 1065 431 1076 verum
446 1062 469 1076 est
477 1060 536 1076 Dturae
544 1059 632 1074 naturalem
643 1063 674 1074 non
685 1059 798 1079 concipiuntur
805 1060 871 1076 diversae

94 1085 136 1105 apud
144 1084 243 1100 intellectum
253 1086 330 1103 creatum,
338 1085 426 1100 secundum
434 1085 469 1105 ejus

95 1109 183 1125 naturalem
197 1109 310 1129 coguitionem.
325 1109 359 1125 Non
374 1109 417 1125 enim
433 1109 469 1130 plus

95 1134 168 1155 iutelligit
175 1134 253 1150 Deitatem
260 1138 294 1149 esse
302 1134 385 1150 essentiam
393 1134 427 1150 sive
434 1134 470 1150 aub-

94 1159 174 1177 stantiam,
183 1158 213 1174 nisi
221 1163 241 1174 ex
250 1160 323 1179 respectu
333 1159 352 1174 ad
363 1158 469 1174 substantiam

94 1186 176 1202 creaturan,
184 1188 233 1204 quam
243 1183 343 1203 sapientiam,
352 1183 383 1199 nisi
391 1188 410 1199 ex
419 1188 470 1204 respe-

95 1210 120 1224 ctu
128 1210 145 1224 et
152 1207 272 1229 comparatione
282 1208 365 1228 sapientia
375 1210 456 1224 creaturae.

114 1232 188 1249 Frui-acta
197 1237 235 1253 ergo
243 1232 297 1253 opinio
306 1232 423 1248 insufficienter
430 1233 470 1248 dicit

96 1257 115 1272 de
121 1257 223 1273 distinctione
231 1257 348 1276 attributorum,
353 1257 401 1273 etiarn
409 1262 428 1273 ex
437 1262 471 1278 par-

97 1283 112 1297 te
122 1281 231 1302 intelligentia,
244 1281 283 1302 quia
294 1281 390 1297 determinat
402 1282 470 1297 rationes

96 1306 207 1322 attributorum
218 1306 261 1322 circa
270 1306 341 1322 divinam
351 1306 437 1322 essentiam
446 1311 472 1322 so-

97 1330 129 1346 lum
139 1331 155 1346 in
165 1332 244 1352 quantum
255 1330 297 1346 eadit
306 1331 323 1346 in
333 1331 437 1352 conceptione
447 1331 471 1347 in-

156 1364 173 1377 T.
182 1364 202 1377 1⁹.

497 1084 566 1099 rationes
576 1083 619 1099 circa
629 1083 700 1099 divinam
712 1084 804 1103 essentiam,
815 1086 833 1100 ut
845 1084 872 1100 bo-

497 1108 544 1127 nitas,
552 1108 637 1128 sapientia,
645 1108 676 1123 nisi
684 1112 703 1123 ex
713 1110 786 1128 respectu
796 1109 815 1124 ad
826 1109 872 1125 boni-

497 1134 545 1148 tatem
558 1134 585 1148 aut
597 1132 692 1153 sapientiam
704 1132 735 1148 sibi
747 1134 871 1154 corresponden-

498 1159 529 1173 tem
537 1157 554 1172 in
561 1156 644 1175 creaturis,
652 1157 672 1172 ad
680 1161 719 1177 quas
729 1157 798 1173 reflectit
806 1162 870 1174 omnem

497 1186 544 1197 suum
560 1181 667 1201 intellectum;
680 1181 703 1197 sic
715 1182 757 1202 apud
772 1182 871 1198 intellectum

498 1206 571 1222 divinum
581 1210 599 1222 ac
609 1205 679 1224 beatum,
688 1210 719 1222 non
730 1206 841 1227 concipiantur
850 1207 872 1223 di-

497 1235 547 1247 versae
558 1231 627 1246 rationes
639 1230 721 1251 sapientise
731 1233 747 1246 et
757 1231 816 1247 amoris
828 1232 871 1248 circa

498 1256 569 1272 divinam
583 1256 674 1274 essentiam,
688 1255 718 1271 nisi
733 1260 752 1272 ex
766 1258 838 1277 respectu
851 1257 870 1273 ad

498 1280 616 1296 emanationem
629 1280 670 1299 Filii,
680 1280 707 1300 qui
720 1282 744 1296 est
755 1281 834 1301 sapientia
845 1286 872 1302 ge-

499 1305 538 1324 nita,
549 1307 564 1321 et
575 1305 594 1321 ad
605 1304 721 1325 processionem
732 1305 801 1326 Spiritus
811 1305 870 1325 Sancti,

499 1331 526 1351 qui
540 1332 564 1346 est
575 1334 621 1346 amor
632 1330 725 1350 procedens,
735 1330 755 1345 ad
765 1335 806 1351 quos
817 1331 872 1352 dirigit

792 1364 808 1377 u
