1088 1569
136 371 141 376 ·
144 370 188 382 inanti-

205 121 235 138 181

375 126 391 138 m
401 126 457 138 ΠΒΙΠΙΙ
467 126 472 138 Ι
483 126 605 138 summulam!-
616 131 636 133 —
646 126 685 138 msr.
697 126 719 142 112
730 126 787 140 utimr.
799 126 810 138 ΙΙ

204 174 233 190 per
240 169 344 188 identitatem,
353 174 388 190 quas
396 171 449 185 tamen
459 174 490 185 non
499 171 540 184 esset
549 168 579 184 toi*
585 168 598 184 A
605 169 625 184 de
634 169 693 185 Candia
702 169 722 184 de
732 169 761 185 ista
771 169 843 187 materia,
852 169 910 184 deinde
920 168 983 189 scripta

203 194 254 209 malis.
263 194 285 209 lta
295 194 365 210 concedo
374 198 403 214 ego
413 194 496 209 veritatem
507 198 541 209 esse
551 193 579 209 bo-

203 218 268 234 nitatem
280 223 308 239 per
318 218 416 234 identitatem
427 218 443 233 in
454 223 476 237 re,
485 222 516 233 non
525 220 577 233 tamen

203 242 285 258 veritatem
296 247 330 258 esse
341 243 427 259 bonitatem
439 242 532 258 formaliter.

229 268 272 283 Iatnd
289 267 394 283 confirmetur
409 267 503 283 auctoritate
519 267 577 283 Dama-

202 292 252 311 sceni,
261 292 328 308 dicentis
339 293 381 313 quod
394 292 436 308 inter
445 292 500 308 omnia
512 291 578 307 nomina

202 317 245 333 dieta
254 317 274 333 de
282 317 318 335 Deo,
327 317 456 338 propriissimum
466 318 496 335 est,
504 316 532 334 Oui
542 318 576 332 est:

202 341 278 362 quoniam
285 346 319 357 esse
327 341 366 357 dicit
373 341 453 362 quoddam
462 341 528 362 pelagus
537 340 578 356 divi-

203 366 237 382 nae'
246 366 347 386 snbstantiae3
358 367 410 382 cetera
420 370 464 384 vero,
473 370 491 381 ea
501 370 537 386 quas
547 365 577 381 cir-

202 392 282 406 cumstant
293 392 371 406 naturam>
381 390 424 408 Ouod
436 395 468 406 non
478 390 541 406 videtur
551 394 578 405 ve-

202 420 244 434 rum,
253 415 283 431 nisi
291 417 333 431 oeset
340 415 421 431 distinctio
428 420 448 431 ex
456 417 501 436 parte
509 415 537 430 rei.
543 414 576 430 Non

193 440 244 459 ,enim
252 442 276 456 est
286 440 351 460 pelagus
361 440 391 455 tale
402 439 422 455 ob
433 440 462 456 hoc
470 440 512 460 quod
523 439 577 455 muttae

605 193 684 209 Francisci
694 194 714 209 de
723 193 806 214 Mayronis,
814 193 885 209 Seotistae
896 193 981 214 praecipui.

625 218 679 239 ltaque
689 218 743 234 Petrus
755 218 775 234 de
785 218 844 234 Candia
854 218 910 234 scribit
919 217 983 233 :Tenet

605 242 660 258 Scotus
670 243 712 263 quod
720 242 796 258 attributa
805 247 833 258 seu
844 242 950 263 perfectiones
957 244 982 257 at-

605 267 688 283 tributales
700 267 820 288 distinguuntur
834 267 920 283 intrinseoe
932 269 948 282 et
960 271 981 282 ex

605 294 662 307 natura
669 292 697 307 rei.
706 292 735 308 Pro
743 297 775 313 qua
783 292 859 312 opinione
866 294 935 312 quatuor
942 293 982 307 snnt

605 321 633 337 per
640 317 713 332 ordinem
721 317 821 335 declaranda,
829 316 904 332 videlicet
912 316 950 337 quid
958 316 981 331 sit

604 341 703 362 simplicitas,
715 341 753 362 quid
766 341 859 359 formalitas,
872 341 910 362 qnid
923 341 981 357 modus

604 365 705 385 intrinsecus,
719 366 758 386 quid
773 366 850 387 perfectio
865 365 961 381 attributalis
975 370 979 381 :

604 395 623 406 ex
633 390 692 411 quibus
703 391 787 411 apparebit
796 391 848 411 qualis
856 391 876 406 sit
886 390 981 411 imaginatio

604 415 653 436 hujus
663 415 738 431 doctoris.

624 439 703 458 Quantum
716 440 736 455 ad
747 440 824 461 primum,
834 440 870 455 dico
883 440 925 460 quod
935 444 980 455 snm-

202 465 285 481 relationes
302 465 368 480 rationis
383 466 450 485 possunt
465 464 507 480 circa
523 464 634 484 ipsumssmae
650 464 757 485 simplicitatis
773 464 844 480 conditio
861 469 892 480 nou
908 464 981 480 excludit

200 489 262 505 causari
273 494 277 505 2
289 490 319 505 iste
328 489 371 505 enirn
382 494 411 510 per
421 491 474 505 actum
486 488 576 504 intellectus

199 514 242 530 circa
249 514 332 535 quodlibet
338 514 399 530 causari
408 515 478 535 possunt
483 513 529 529 —Ad
537 513 575 534 quid

199 539 247 555 etiam
253 539 325 555 doctores
332 539 360 559 qni
369 541 423 554 tenent
429 538 518 559 oppositam
525 539 576 559 opini-

198 568 251 582 onem,
262 564 331 584 implent
341 565 364 579 tot
376 565 467 584 quaternos,
478 563 576 579 ostendendo

198 593 248 604 unum
258 588 353 604 attributum
363 593 383 604 ex
392 588 429 606 alio,
437 588 450 604 si
460 593 491 604 non
502 590 526 604 est
534 588 576 603 inter

198 617 217 628 ea
224 613 255 628 nisi
263 613 373 628 tantummodo
380 612 472 628 differentia
479 612 574 628 relationum

198 637 264 653 rationis
271 638 277 653 i
292 637 374 658 Siquidem
390 637 411 653 ita
427 637 497 657 perfecte
511 637 575 652 videtur

198 662 238 678 Deus
246 662 325 682 cognosci,
334 663 412 682 quantum
420 662 439 677 ad
448 666 511 678 omnem
520 666 574 677 conce·

198 689 243 707 ptum
252 686 316 705 realem,
322 688 339 702 ut
345 686 445 706 cognoscitur
453 686 483 702 sub
491 691 523 702 uno
530 686 574 702 attri-

198 711 242 730 buto,
250 711 292 727 sicut
298 711 312 727 si
320 713 424 731 cognoscatur
431 711 462 726 sub
471 711 532 726 ratione
541 715 574 727 om-

198 736 243 751 nium
251 735 364 751 attributornm
370 740 374 751 z
380 735 418 756 quia
425 736 494 756 cognitio
501 735 573 756 plurium

604 489 700 509 pluralitatis
708 489 771 505 realiter
778 489 885 505 omnimodam
894 489 979 508 rationem.

603 514 678 534 quoniam
691 514 789 535 principium
802 514 897 535 spirativum
909 513 980 535 Spiritus

603 538 656 554 Sancti
667 538 715 554 habet
724 539 822 557 dualitatem,
831 538 906 554 videlieet
915 538 979 554 Patrem

603 565 619 578 et
628 563 692 582 Filium,
702 565 718 579 et
728 565 780 579 tamen
790 565 814 579 est
823 568 890 579 summm
900 563 979 584 simplici-

602 588 645 603 tatis.
654 587 708 604 Totius
718 593 781 608 qnoque
790 588 871 604 Trinitatis
881 590 905 604 est
914 592 979 604 summa

602 612 736 633 simplicitas.l]bi
744 612 924 631 seiendum,seenndum
932 612 980 628 Fran-

602 637 663 652 ciscnm
675 637 694 652 de
705 637 789 658 Msyronis,
802 637 844 657 quod
857 639 926 657 quatuor
939 639 979 653 eunt

603 661 698 682 pluralitatis
708 662 810 677 habitudines
821 661 927 677 essentialiter
935 662 979 677 ordi-

602 688 648 705 nata,
659 688 698 707 puta
708 691 712 701 t
723 686 809 705 distinctio,
821 686 865 705 unio,
875 686 977 707 compositio,

601 711 682 726 resolutio*
693 710 773 727 Resolutio
786 716 855 731 namque
867 711 978 731 praesupponit

601 736 739 756 compositionem,
746 736 841 756 compositio
849 735 931 754 unionem,
937 736 977 752 unio

198 760 293 776 relationum
301 760 367 776 rationis
375 765 406 776 non
415 760 453 776 facit
461 760 572 780 perfectiorem
582 760 593 776 G
600 760 725 776 distinctionem.
742 760 801 776 Deinde
817 760 859 779 dico,
875 760 918 781 quod
936 760 977 776 ratio

197 785 310 805 cognitionem,
323 790 353 801 nee
364 785 425 806 aliquid
438 785 477 800 facit
488 785 508 800 ad
521 785 573 805 perfe-

197 810 263 825 ctiorem
271 810 377 830 oognitionem
386 809 480 825 habendam.
489 809 572 828 Similiter,

196 834 242 855 juxta
252 834 362 850 auctoritatem
372 834 463 850 Damasceni
474 834 572 855 prodicta-n.

197 859 217 875 ad
227 859 266 880 quid
277 859 358 879 assignant
368 859 440 874 ordinem
452 859 572 878 attributorum,

198 888 266 904 quorum
274 883 343 899 essentia
350 884 370 899 sit
379 883 525 902 fundamentum,et
532 889 573 904 qum*

197 909 234 924 dam
244 909 277 925 sint
288 909 403 929 propinquiora
413 909 490 927 essentia,
499 909 572 929 quandam

197 933 331 952 emanationibus,
342 933 355 949 si
367 935 428 949 tanturn
439 935 476 949 sunt
488 933 573 949 relationes

197 958 274 974 rationis?
285 958 322 976 Quis
332 958 371 974 ordo
381 958 400 973 ad
412 958 530 974 emanationes?

217 983 264 999 Porro
276 983 304 998 ista
316 987 347 998 non
359 983 433 998 identitas
445 984 476 998 stet
486 987 523 998 cum
535 983 573 998 sim-

197 1008 268 1028 plicitate
281 1007 314 1026 Dei,
324 1007 400 1028 quoniam
413 1007 453 1023 lianc
465 1007 572 1023 differentiam

197 1036 261 1048 necesse
269 1034 292 1048 est
303 1036 362 1052 ponere
373 1031 414 1047 inter
421 1032 506 1047 essentiam
514 1034 529 1047 et
539 1036 573 1052 pro-

600 785 720 805 compositionis
732 790 760 801 seu
773 785 885 806 componibilis
898 787 977 806 repugnat

600 809 689 825 formaliter
701 814 768 826 summm
779 810 884 830 simplicitati.
896 809 977 831 Simplici-

601 836 624 850 tas
634 839 704 855 namque
715 836 793 855 repugnat
801 834 912 855 inoequalitati,
921 836 977 855 poten-

600 859 663 874 tialitati
677 864 695 875 ac
707 859 804 878 diversitati;
816 859 925 880 eompunibile
937 863 976 879 quo-

600 888 632 904 que
642 883 711 899 includit
721 883 858 904 potentialitatem.

620 908 649 924 Pro
659 908 734 926 seeundo,
742 908 824 924 sciendum
835 908 877 928 quod
887 908 976 924 formalitas

601 937 632 948 non
640 934 664 948 est
673 933 714 948 ratio
724 932 831 948 conditionem
841 933 910 953 alicujus
919 932 976 949 torma

600 962 699 978 consequens
711 957 798 977 adaequate.
809 957 841 973 lmo
852 957 940 973 formalitas
952 960 976 973 est

601 982 690 1002 qnidditiva
705 982 745 997 ratio
758 982 774 997 in
787 982 839 1002 primo
853 982 900 998 modo
911 982 975 998 dicendi

602 1011 630 1026 per
637 1011 660 1025 se,
667 1006 754 1027 respiciens
762 1006 778 1021 id
785 1006 805 1022 de
812 1011 845 1027 quo
852 1006 930 1022 veraciter
938 1012 977 1027 pra>-

601 1031 668 1047 dicatur.
679 1031 719 1046 Sunt
729 1033 782 1047 autom
793 1033 861 1051 quatuor
870 1036 929 1052 genera
939 1036 976 1052 pm-

197 1057 281 1077 prietatem
290 1061 294 1072 2
303 1058 319 1072 et
329 1058 382 1072 tamen
393 1056 414 1072 ob
424 1056 454 1072 boe
465 1061 496 1072 non
508 1057 573 1077 ponitur
581 1056 593 1072 D
601 1056 697 1077 positionum
706 1061 733 1072 seu
742 1056 878 1077 pradicationum,
887 1057 975 1073 seeundum

197 1081 292 1102 eompositio
303 1081 319 1097 in
331 1085 403 1101 persona.
414 1081 491 1097 Similiter
502 1081 531 1097 ista
541 1081 573 1097 dis-

197 1106 254 1121 tinctio
266 1105 338 1121 turmalis
350 1105 415 1125 ponitur
429 1105 470 1121 inter
483 1105 522 1121 duas
537 1110 573 1126 pro-

198 1130 272 1151 prietates
286 1129 302 1145 in
315 1129 370 1145 eadem
383 1134 464 1150 persona:
477 1130 518 1145 sicut
531 1130 573 1145 inter

197 1154 339 1171 innascibilitatem
350 1156 366 1170 et
377 1154 494 1174 paternitatem,
503 1159 538 1175 qum
549 1160 573 1170 se-

197 1179 268 1195 cundum
278 1178 385 1199 Augustinum
394 1178 451 1199 quinto
461 1179 480 1194 de
489 1179 571 1198 Trinitate,

198 1208 229 1219 non
237 1205 275 1219 sunt
282 1203 337 1219 eadem
345 1203 439 1223 proprietas
444 1203 519 1223 quoniam
528 1203 573 1219 Pater

198 1233 230 1244 non
242 1230 266 1244 est
278 1232 297 1244 eo
310 1229 355 1248 pater
367 1232 399 1248 quo
412 1228 497 1248 ingenitus.
506 1237 527 1239 —
537 1228 573 1244 Hoec

198 1253 259 1269 Senius*
272 1252 301 1271 Qui
313 1252 333 1268 de
345 1252 374 1268 hac
388 1252 475 1272 quastione
488 1253 534 1273 plura
549 1253 573 1268 in-

198 1278 247 1297 ducit,
256 1282 292 1298 quae
300 1282 330 1293 suo
339 1277 374 1293 loco
384 1276 437 1293 forsan
448 1279 538 1298 tangentur>
547 1278 573 1293 Αι-

198 1307 229 1323 que
242 1304 259 1318 ut
273 1307 319 1318 mens
330 1301 365 1322 ejus
377 1303 393 1317 et
404 1306 433 1317 aua
444 1302 499 1322 opinio
514 1302 573 1318 clarius

198 1327 302 1345 innotescant,
314 1326 384 1342 breviter
396 1328 459 1347 tangam
470 1326 519 1342 verba
531 1326 571 1342 Petri

601 1081 644 1096 istos.
655 1080 725 1096 Primum
735 1082 801 1096 vocatur
811 1081 940 1101 quidditativum.
952 1084 974 1101 nt,

601 1105 641 1121 Deus
654 1107 678 1121 est
690 1104 791 1125 substantia;
803 1105 891 1121 secundum
904 1106 975 1121 denomi-

600 1130 678 1148 nativum,
687 1131 710 1148 ut,
719 1129 759 1145 Deus
768 1131 793 1145 est
802 1129 902 1150 intelligens3
910 1130 975 1146 tertium

600 1154 693 1173 identicum,
700 1156 723 1173 ut,
731 1154 776 1170 Pater
783 1156 807 1170 est
814 1154 891 1175 eseentia3
899 1157 974 1175 quartum

600 1179 690 1198 essentiale,
703 1181 726 1198 nt,
739 1179 784 1194 Pater
796 1181 820 1195 est
834 1179 850 1195 id
862 1179 904 1200 quod
919 1179 974 1195 Filius.

600 1203 644 1219 Unde
651 1204 688 1219 dnm
699 1203 776 1224 quaeritur
785 1208 805 1219 an
816 1203 904 1220 formalitaa
911 1204 933 1220 sit
942 1209 975 1220 rea⁴

600 1228 642 1247 litas,
655 1228 760 1248 respondetur
771 1228 814 1249 quod
826 1229 849 1244 sic
862 1233 890 1249 per
902 1229 975 1245 identita-

600 1255 638 1271 tem,
647 1257 678 1269 non
686 1252 796 1273 quidditatem.
803 1253 844 1272 Ideo,
853 1253 895 1269 sicut
901 1255 932 1269 stat
940 1254 975 1269 uni-

600 1280 624 1293 tas
634 1278 706 1293 essentias
715 1282 752 1293 curn
762 1277 854 1297 pluralitate
863 1282 974 1298 personarum.

600 1302 622 1318 ita
632 1302 720 1318 secundum
731 1301 774 1321 istos,
785 1302 839 1318 unitas
851 1302 927 1318 realitatis
938 1307 975 1319 cum

600 1326 691 1347 pluralitate
702 1326 823 1342 formalitatum.
