1088 1569
214 122 234 139 ¹⁰
501 127 574 139 trierem
584 126 701 139 maora-mm

213 171 272 191 gladiis
285 175 318 192 pax
330 171 422 187 Germaniae
435 171 535 187 intemeratae
549 171 641 187 durassent.
655 171 703 187 Nunc
717 175 762 191 vero,
775 171 813 192 heu,
827 176 860 192 quo
874 176 900 188 res
912 171 988 192 prolapsa

213 198 248 214 osil
256 198 310 218 Prope
318 198 394 214 exsulant
403 198 467 218 religio,
473 198 567 218 auotoritas,
576 202 616 218 pax;
624 198 640 214 et
649 198 732 218 pleraeque
741 198 861 214 Universitates
870 198 887 214 in
896 203 989 219 synagogas

213 224 251 245 plus
262 229 313 245 quam
325 225 402 241 ‚Iudaicas
414 225 538 245 degenerarunt.
546 224 618 245 objiciet
627 225 697 245 posthac
709 225 766 241 Gallus
777 229 843 245 semper
854 225 926 241 levitatis
937 225 990 241 iucre-

213 252 264 272 pitus,
274 251 358 267 levitatem
368 252 384 267 et
395 252 436 272 ipsis
445 251 537 267 Germanis.
546 251 594 267 Dicet
606 252 699 272 posteritas,
710 251 741 272 sas,
748 251 792 272 juray
800 252 850 268 fldem
859 253 876 268 et
886 252 988 272 religionem,

213 278 265 294 nostri
274 278 331 294 saeculi
343 278 434 294 Germanos
445 278 483 299 plus
492 282 542 298 quam
554 278 632 298 sacrilege
644 278 738 298 temerasse,
749 278 798 299 idque
808 279 928 295 vilissimorum
938 279 990 295 nebu-

213 305 270 321 lonum
287 309 337 321 suasu
351 305 368 321 et
383 305 462 325 impulsu.
477 305 581 321 Mirabuntur
595 305 667 321 defuisse
683 305 786 326 principibus
801 306 871 326 gladius,
885 305 990 326 prudentiam

213 332 332 352 consularibus,
341 332 398 348 oculos
410 332 517 352 sapientibus,
527 332 612 352 ingenium
624 332 683 352 doctis,
693 332 742 348 bonis
755 332 862 348 voluntatem.
873 332 905 348 Sed
917 332 990 353 amplius

212 358 317 375 mirabuntur
325 359 389 379 gladios
397 359 415 375 in
424 359 477 374 solam
486 359 548 375 caedem
558 358 663 379 popularium
672 359 755 375 hostiliter
761 363 824 379 versos,
832 360 848 375 et
857 359 912 375 noxiis
921 364 988 380 parsum

213 385 310 402 cervicibus.
318 386 386 402 Nullum
396 385 476 402 saeculum
485 385 570 406 abrogabit
581 385 662 402 factorum
672 386 742 402 istorum
751 386 843 407 infamiam.
851 386 873 402 Et
881 386 943 407 quanto
953 386 988 402 haec

213 413 272 429 foedior
283 413 339 429 rutum
348 413 373 429 est
385 413 435 433 fama,
443 413 488 429 tanta
500 413 532 429 erit
544 413 597 433 gloria
608 413 662 429 vestra
675 413 770 433 speciosior.
781 413 846 433 Quippe
855 413 884 434 qui
896 413 989 429 furentibus

213 440 274 461 ubique
283 444 324 460 pene
336 441 353 456 et
362 439 502 456 tumultuantibus
512 440 600 459 haereticis,
608 444 627 455 ac
636 440 697 456 coelum
706 440 753 456 terrae
765 440 878 460 miscentibus,
886 440 989 460 omniarquae

213 467 298 487 religionis
307 467 323 483 et
332 467 398 487 pietatis
406 467 451 487 sunt,
459 467 564 483 servaveritis
573 467 621 483 nobis
631 467 700 487 integra,
710 466 805 487 incorrupta
814 467 831 482 et
839 467 890 483 salva.
898 466 933 483 Vos
943 466 989 482 urhis

213 494 263 514 hujus
277 494 347 514 plebem,
360 498 390 509 vos
404 494 480 510 senatum
494 493 556 514 alioqui
570 498 600 514 per
612 498 630 509 se
644 493 761 514 gravissimum
775 493 792 509 et
805 493 959 514 prudentissimum,
972 493 990 509 in

213 521 302 537 christiana
318 521 397 541 religione
411 521 427 536 et
441 520 485 536 avito
501 520 560 536 decore
576 520 638 536 fecistis
653 520 708 536 vestra
724 520 816 536 constantia
830 524 939 540 perseverare.
955 520 989 536 Vos

213 548 295 568 exemplo,
310 552 340 563 vos
355 547 430 563 doctrina
444 547 521 567 praeistis.
536 547 610 563 Pendent
626 547 682 563 autem
698 551 720 562 ex
734 547 843 562 eruditiorum
859 547 940 563 sententia
956 551 989 563 non

213 574 273 595 plebeii
283 574 339 595 modo,
347 574 376 590 sed
386 575 403 590 et
413 574 519 594 magistratus
529 574 600 594 denique
609 574 625 590 et
635 573 723 594 principes.
732 573 775 589 Hinc
784 573 844 589 durant
855 573 938 594 principes
947 578 989 594 quos

212 602 257 618 tenet
264 601 330 617 vicinia.
340 602 354 617 Α
365 601 412 617 vobis
422 601 482 621 pendet
494 601 592 617 reverendus
601 601 618 617 ei
628 600 701 620 inclytus
710 600 787 616 dominus
798 600 931 621 archiepiscopus
940 600 989 616 Colo-

212 628 281 648 niensis,
289 628 365 649 princeps
374 628 439 644 elector.
449 628 467 644 In
477 632 507 644 ves
517 628 621 648 vestramque
630 627 680 643 iidem
690 627 760 647 suspicit
768 626 796 643 ille
806 627 854 647 longe
863 627 989 647 potentissimus

213 655 310 675 Cliviorum,
322 655 441 671 Juliacensium
453 655 469 671 et
480 654 596 670 Montanorum
610 654 687 675 princeps
700 654 777 670 Joasmes.
789 654 808 670 In
823 658 854 670 vos
866 654 989 670 illustrissimus

213 682 283 698 Geldriae
295 682 371 702 princeps
382 681 456 697 Carolus.
466 682 488 697 Et
499 681 539 701 quid
548 681 602 697 adhuc
611 681 653 697 alios
662 685 791 697 commemorem
800 685 852 701 quum
862 681 944 701 principes
953 681 989 697 tum

213 709 293 729 civitates,
304 709 333 729 qui
347 708 429 724 stantibus
443 708 490 724 vobis
501 708 544 724 state
556 708 639 728 possunt?
647 707 700 723 Multa
711 708 778 723 struunt
789 708 806 723 in
820 712 850 723 vos
864 708 943 728 haeretici,
953 712 989 724 mo-

212 736 276 752 liuntur
287 735 356 752 insidias
370 735 424 751 omnis
435 735 505 755 generis.
517 734 562 750 Alibi
574 734 676 755 obstrepunt,
690 734 730 750 alibi
743 734 835 755 denigrant,
848 734 888 750 alibi
902 734 989 750 obscurare

212 763 294 783 nituntur,
304 762 343 778 alibi
353 762 444 783 pharisaeos
455 761 543 782 appellant,
552 762 568 777 et
580 762 635 782 aperte
647 761 754 781 insectantur,
764 756 882 781 nonnunquam
895 761 988 777 adulantur.

212 790 234 806 Et
243 789 300 806 nullus
309 794 382 810 unquam
393 794 441 805 casus
452 789 507 810 potuit
517 789 589 805 vestram
599 788 696 804 labetactase
708 788 824 808 innocentiam,
835 788 949 804 auctoritatem
961 788 990 804 de-

213 817 289 838 primere,
297 817 426 833 constantiamve
438 820 521 837 superare.
532 816 560 832 Sic
572 820 624 836 nuper
633 819 685 835 quum
698 819 727 832 rex
739 815 807 835 quidam
816 819 886 835 mag-nus
896 815 912 831 et
923 815 988 836 potens,

213 848 273 864 magno
282 844 317 859 auri
329 843 384 864 pondo
396 843 478 864 sperasset
488 847 498 858 a
507 843 555 858 vobis
564 846 614 863 quam
625 842 691 862 petebat
702 842 801 858 sententiam
813 846 873 862 emere,
881 842 936 862 spreto
948 846 989 858 auro

212 871 294 891 repulsus,
306 870 357 886 sensit
368 869 512 890 inexpugnabilem
524 869 619 885 animorum
630 869 723 892 vestrorum
736 869 851 885 constantiam.
863 869 916 885 Pudet
928 869 989 885 reterre

212 898 253 918 quid
261 897 328 913 interim
338 897 359 913 ab
369 897 406 913 aliis
415 896 479 917 aliquot
487 900 517 916 per
526 896 601 912 fraudem
610 896 627 912 et
636 896 708 916 pretium
716 895 854 911 Universitatibus
863 896 976 916 impetraverit
984 900 988 911 z

213 928 307 945 qumquam
319 924 385 944 frustra,
397 923 445 939 vobis
455 927 489 939 non
501 923 621 943 accedentibus,
633 927 686 942 neque
700 922 717 938 in
729 922 804 938 eamdem
817 922 914 938 vadentibus
924 923 990 938 senten-

212 952 258 967 tiam.
270 951 322 967 Tanta
334 951 359 967 est
369 950 423 966 vestra
435 950 530 969 auctoritas,
540 949 579 965 talis
591 950 644 965 vester
656 949 682 965 est
694 949 760 969 candor,
771 949 803 965 tale
814 949 897 969 judicium
908 949 988 965 vestrum.

212 978 283 994 Proinde
296 978 348 994 cesset
360 977 408 993 nobis
420 977 475 993 Roma
486 981 525 993 suos
536 976 598 997 jactare
611 976 681 996 Numas,
690 976 766 996 Catonesy
778 975 842 996 Curios,
855 975 944 992 Fabricios.
955 976 990 992 Vos

212 1005 267 1021 Numa
279 1004 390 1025 religiosiores
402 1003 530 1024 sanctioresque.
540 1003 629 1019 Enimvero
641 1003 669 1019 ille
681 1003 735 1019 sciens
747 1003 764 1019 et
776 1002 848 1023 prudens
856 1002 909 1023 (quod
921 1003 989 1019 malitiae

212 1036 262 1052 quam
274 1031 331 1052 pietati
344 1031 412 1051 propius
425 1030 466 1051 erat)
478 1030 551 1050 simplici
562 1029 624 1050 populo
637 1029 679 1045 salsa
694 1029 773 1050 religione
787 1029 872 1050 imposuit.
884 1029 919 1045 Vos
931 1034 989 1046 verum

212 1059 266 1075 Deum
278 1058 341 1074 sincera
351 1057 430 1078 religione
440 1057 500 1077 colitis,
508 1057 577 1077 ejusque
588 1061 634 1072 sacra
643 1056 737 1072 constanter
747 1056 823 1076 tuemini,
833 1060 852 1072 ac
862 1056 912 1072 ritum
924 1056 989 1073 colendi

212 1085 308 1102 fidelissime
320 1084 457 1104 sanctissimeque
469 1083 570 1099 monstratis.
582 1083 617 1099 Vos
630 1082 721 1099 Catonibus
733 1083 819 1103 rigidiores
830 1083 987 1103 constantioresque.

212 1112 247 1128 Vos
261 1111 341 1128 Fabriciis
355 1110 488 1131 incorruptiores.
501 1110 545 1129 Quid
556 1110 601 1126 enim
615 1110 640 1125 illi
654 1110 686 1125 nisi
701 1114 760 1126 vanam
774 1110 842 1126 ruiturae
854 1109 911 1130 glorias
925 1110 988 1126 bullam

212 1138 325 1160 quaesierunt?
336 1138 370 1153 Vos
382 1137 444 1153 coelesti
456 1137 501 1153 Patri
512 1136 582 1157 gloriam
593 1136 689 1152 duraturam
701 1136 814 1152 accumulatis.
825 1136 860 1152 Vos
872 1136 908 1157 ejus
921 1136 989 1153 familiae

212 1170 268 1182 curam
278 1165 348 1185 habetis,
356 1168 385 1185 pro
395 1164 456 1184 quihus
465 1163 566 1184 despondere
575 1163 631 1179 omnia
637 1163 685 1179 vobis
692 1163 718 1180 est
726 1163 792 1179 animus
801 1163 921 1184 paratissimus.
928 1163 963 1180 Vos
971 1163 989 1179 in

212 1193 258 1209 omni
267 1191 339 1213 procella
348 1191 436 1212 persistitis
445 1190 545 1210 immobiles,
553 1191 570 1206 et
576 1190 631 1206 vetere
640 1190 732 1206 constantia
739 1190 790 1206 etiam
800 1190 898 1206 adversariis
904 1190 989 1211 conspicui

212 1220 229 1236 et
242 1218 336 1235 venerandi.
351 1218 418 1234 Timent
434 1218 504 1233 vestram
522 1221 613 1237 censuram,
627 1217 737 1233 eruditionem
751 1217 859 1237 admirantur,
873 1217 989 1237 antiquitatem

213 1246 269 1263 colunt
278 1246 294 1262 et
303 1245 377 1261 adorant.
384 1245 428 1260 Nam
437 1244 453 1260 et
462 1244 499 1264 ipsa
508 1244 577 1264 originis
583 1244 642 1260 vestrae
652 1244 722 1264 egregiis
732 1244 844 1260 monumentis
852 1243 939 1260 nobilitata
948 1244 990 1260 anti-

213 1273 274 1293 quitas,
282 1276 315 1288 non
324 1276 383 1292 parum
392 1271 440 1287 vohis
449 1271 552 1287 auctoritatis
562 1271 606 1291 apud
617 1270 720 1286 Christianos
731 1275 789 1286 omnes
798 1270 897 1286 conciliavit.
905 1271 936 1286 Est
944 1271 989 1287 enim

213 1301 248 1316 tam
258 1299 312 1319 vetus,
322 1299 341 1314 ut
352 1298 446 1319 longissimi
457 1298 489 1314 aevi
501 1297 574 1318 spatium
587 1297 677 1313 aboleverit
688 1297 786 1313 memoriam
799 1297 836 1317 eius
846 1297 875 1318 qni
887 1297 952 1317 primns
963 1297 990 1313 hic

214 1326 301 1347 gymnasia
313 1325 338 1341 est
351 1325 451 1345 auspicatus.
461 1324 559 1344 Coniectura
571 1324 636 1340 tantum
651 1324 682 1344 est,
693 1328 736 1340 anno
748 1328 759 1340 a
771 1323 836 1340 Christo
848 1324 887 1340 nato
900 1324 989 1340 millesimo
