1088 1569
293 134 347 148 Quas-ts
357 134 381 146 an·
390 134 474 146 marim-'rto
485 133 530 146 lm
540 133 624 145 Α’ΠἍῙΒΙΠΑ
634 133 687 145 mvma

847 127 877 144 ¹⁶9

102 179 140 192 tura
151 177 174 193 rei
185 177 206 193 ab
216 177 291 193 invicem.
299 177 322 193 Ad
333 177 375 198 quod
386 177 427 196 dico,
436 177 478 197 quod
486 176 576 197 Aguuntur
588 176 604 192 in
619 176 655 192 Deo.
669 185 687 188 -
700 176 758 192 Octava
770 175 846 191 fundatur
860 175 876 190 in

102 201 142 218 imo.
150 211 170 213 —
177 202 200 217 Ad
211 202 253 223 quod
264 202 364 222 probandum
374 202 433 217 induco
440 202 479 217 duo-

101 226 155 242 decim
163 226 296 243 contradictiones
303 226 319 242 in
327 226 387 242 divinis
395 226 479 247 perfectio-

102 251 152 267 nibus
166 251 246 268 fundatas.
259 251 316 270 Prima,
330 251 372 272 quod
388 251 478 267 intellectus

102 278 127 292 est
143 276 241 297 principium
255 276 368 297 productivum
380 276 433 295 Verbi,
447 280 478 291 non

102 300 189 321 voluntas3
201 303 217 316 et
228 301 269 321 quod
280 300 354 316 voluntas
366 302 390 316 est
403 300 479 321 principi-

103 330 132 341 um
141 325 252 346 productivum
260 325 329 346 Spiritus
336 325 396 343 Sancti,
405 329 436 341 non
445 325 479 345 ipsc

103 349 280 366 intellectusSimilitsr
288 350 378 365 intellectus
386 349 449 365 divinus
457 349 479 365 in-

103 374 168 394 telligit,
176 374 249 390 voluntas
260 374 315 390 diviua
325 379 356 390 non
368 374 447 394 intelligit.
456 374 479 389 Si-

103 399 165 414 militer
172 399 226 415 divina
234 399 307 414 volunt-as
315 399 355 417 vult,
361 399 425 414 divinus
433 398 479 414 intel-

103 423 156 439 lectus
168 428 199 439 non
212 423 252 439 vult.
261 432 280 435 -
290 423 362 439 Secunda
374 423 479 439 contradictio

103 448 182 464 fundatur
193 448 208 463 in
219 450 255 464 actu
265 448 364 468 intelligendi
375 450 391 463 et
400 448 463 464 volendi
474 452 478 463 z

505 201 560 217 diviua
566 201 629 221 justitia
636 203 651 216 et
658 201 773 219 misericordia,
781 200 840 221 quihus
847 200 879 215 dis-

505 226 551 241 tincti
562 225 660 241 conveniunt
669 227 719 244 actus,
728 225 749 241 ita
759 225 801 245 quod
812 229 840 245 per
850 224 880 240 mi-

505 250 607 266 scricordiam
623 250 705 266 salvantur
717 250 744 271 qui
760 255 789 271 per
801 249 879 270 justitiam

505 275 625 291 damnarentur.
632 284 652 287 -
660 275 703 291 Nona
711 275 787 291 fundatur
794 274 810 290 in
818 274 881 290 actibus

506 299 569 316 fruendi
582 302 598 316 ot
610 300 670 319 utendi,
680 300 707 320 qni
721 300 737 315 in
750 299 781 315 Deo
793 299 882 315 formaliter

506 326 543 340 sunt
552 329 555 340 :
564 329 601 340 nam
615 324 673 340 fruitur
685 329 707 342 se,
718 328 749 340 non
762 324 813 339 utitur
824 328 850 343 ειη
861 323 881 338 si-

506 349 566 365 militer
579 349 629 365 utitur
644 349 726 367 creaturis,
739 353 770 364 non
784 348 848 364 fruitur.
861 356 881 359 —-

506 374 569 389 Decima
580 373 656 389 tundatur
667 374 682 389 in
695 373 775 389 infinitate
785 375 801 388 et
813 372 881 388 necessi-

505 400 543 414 tate.
552 398 625 414 lnfinitas
637 403 706 418 namque
719 399 796 418 repugnat
807 396 879 413 relationi

505 423 570 442 divinae,
578 427 628 443 quum
640 422 712 438 infinitas
722 422 743 438 sit
754 422 831 443 periectio
843 421 880 437 sim-

506 448 575 468 pliciter.
582 447 601 463 Et
609 450 661 463 tamen
670 447 755 463 necessitas
764 451 794 463 non
803 448 880 467 repugnat

103 473 143 493 quia
150 475 194 488 actus
202 473 300 493 intelligendi
311 473 375 489 divinus
385 472 479 488 terminatur
488 472 499 488 B
506 473 520 488 ei
530 477 533 488 τ
542 477 578 488 nam
592 472 676 488 relationes
687 474 725 487 sunt
737 471 830 487 necessarias
840 471 881 487 sicut

103 498 124 513 ad
137 498 196 516 omnia,
210 499 241 513 tam
254 497 296 513 bona
308 502 355 518 quam
370 497 423 516 matr,
435 499 479 513 actus

104 524 158 538 autem
170 522 233 538 volendi
244 522 338 538 terminatur
348 524 410 538 tantum
421 522 440 538 ad
454 521 480 538 bo-

104 551 131 562 na.
137 555 157 558 —
165 546 217 562 Tertia
224 547 328 562 contradictio
336 546 412 562 fundatur
420 546 435 562 in
443 548 479 562 actu

104 571 168 587 volendi
180 573 195 587 et
208 571 277 587 nolendi.
286 571 327 587 Deus
339 571 383 587 enim
396 571 443 586 habet
455 575 480 586 ac-

105 598 140 611 tum
151 596 215 612 nolendi
228 598 301 616 respectu
313 596 386 612 omnium
398 596 479 614 vitiorum,

104 622 121 636 et
132 625 163 636 non
174 620 222 636 habet
233 622 286 636 actum
296 620 359 636 volendi
371 622 443 640 respectu
455 624 481 635 eo-

106 649 152 664 rumg
167 647 183 660 et
197 645 246 660 habet
260 647 313 660 actum
328 644 390 661 volendi
407 646 479 665 respectu

104 669 178 685 omnium
193 669 278 688 bonorum,
291 671 307 685 et
319 674 350 685 non
366 669 414 685 hahet
426 671 480 685 actum

104 694 170 710 nolendi
185 696 258 714 reapectu
272 698 333 710 eorum.
349 693 389 714 Ergo
404 693 420 709 hi
435 695 480 709 aetus

104 718 226 739 distinguuntur
236 718 257 734 ab
269 718 337 734 invicem
350 723 369 734 ex
382 720 438 734 natura
451 718 479 736 rei,

103 743 167 759 secluso
179 743 222 759 omni
238 745 273 759 actu
288 742 378 759 intellectus
393 742 447 758 creati.
460 751 480 753 —

506 497 580 515 essentia,
589 501 639 517 quum
652 499 719 517 utraque
731 496 810 512 emanatio
822 496 843 511 sit
854 500 881 511 no-

506 522 580 538 ceasaria,
593 531 612 533 —
624 521 710 538 Undecima
723 521 800 537 fundatur
814 521 830 536 in
845 520 882 536 sub-

506 547 564 562 stantia
574 548 589 562 et
600 546 717 567 spiritualitate.
725 546 764 562 Nam
774 544 836 561 ratione
845 545 882 560 sub-

507 572 569 587 stantiae
581 571 689 587 communicat
704 571 744 586 Deus
759 570 781 586 rei
797 569 881 588 materiali,

507 601 538 612 non
547 596 633 612 secundum
641 596 683 616 quod
691 594 882 616 spiritns—Duodecima

508 620 584 636 tundatur
595 620 611 636 in
622 620 714 636 causalitate
726 622 740 635 et
752 619 845 635 mternitate,
853 619 882 634 De-

507 645 611 661 monstrabile
619 645 662 660 enim
670 647 694 660 est
700 644 750 660 Deum
758 648 793 660 ease
800 646 880 661 aeternum.

508 674 539 686 non
547 672 600 685 autem
609 669 680 685 fortassis
687 669 729 689 quod
737 669 757 684 sit
764 669 836 684 omnium
845 673 881 684 cau-

507 699 524 710 sa
532 694 675 710 orrentia—nme
683 693 781 709 Franciscus.
787 693 816 711 Qui
824 693 844 709 de
851 693 881 708 ista

507 719 574 735 materia
581 718 637 734 scribit
644 718 708 737 diffuse,
717 720 733 734 et
740 722 769 734 suo
776 718 823 734 modo
831 717 882 733 subti-

507 744 549 759 liter.
558 744 608 764 Atque
615 748 635 759 ex
643 743 722 764 pratactis
729 742 882 758 contradictionibus

103 767 163 786 Quam
172 767 276 783 contradictio
286 767 362 783 fundatur
373 767 389 783 in
400 767 480 783 volnnuto
488 768 499 784 C
507 768 564 784 nititur
578 768 674 789 persuadere
689 767 808 783 distinctionem
822 767 882 783 forma-

103 792 146 813 signi
157 794 172 808 et
183 792 285 813 beneplaciti,
293 793 316 808 sic
325 797 329 808 :
338 792 378 808 Deus
387 792 438 808 voluit
447 796 481 807 om-

104 817 133 832 nia
144 822 180 837 quie
192 817 234 833 facta
245 819 282 833 sunt
295 817 315 832 ab
326 819 391 835 interno,
399 817 480 833 voluntate

105 841 208 862 beneplaciti,
216 842 276 862 alioqui
287 846 369 862 nunquam
381 841 448 857 fuissent
458 840 480 856 fa-

104 868 140 887 cta;
148 869 163 882 et
176 868 229 882 tamen
240 866 291 882 noluit
302 866 356 882 omnis
366 866 448 882 voluntate
460 866 481 881 si-

103 892 138 912 gni,
146 891 185 912 quia
192 891 243 907 mults
253 891 341 912 prohibuit.
349 900 369 902 —
376 891 434 909 Quinta
443 895 481 906 con-

104 915 179 932 tradictio
189 915 266 931 fundatur
276 915 292 931 in
302 916 373 936 potentia
382 915 455 931 ordinata
464 917 480 931 et

104 940 183 956 absoluta⁴
191 940 230 956 Nam
239 940 286 961 vulgo
295 940 354 956 dicitur
361 942 377 956 et
385 945 440 956 verum
450 942 479 958 est,

104 965 148 986 qnod
156 965 206 981 multa
217 967 268 985 potest
277 965 317 980 Deus
326 965 346 980 de
356 965 426 985 potentia
436 964 481 980 abso·

104 990 144 1008 luta,
154 994 190 1010 quaa
201 994 233 1005 non
245 991 296 1010 potest
306 989 325 1005 de
337 990 407 1010 potentia
419 989 481 1005 ordina-

103 1017 120 1030 ta
130 1019 133 1030 τ
142 1016 160 1030 ut
169 1014 220 1035 justos
230 1014 312 1032 damnare,
322 1014 404 1030 damnstos
413 1014 479 1029 salvare.

103 1048 125 1051 -—
135 1039 181 1055 Sexta
193 1039 298 1055 contradictio
309 1038 385 1055 fundatur
396 1039 411 1054 in
424 1038 480 1054 notitia

507 793 538 809 lem
550 798 569 809 ex
580 795 637 809 natura
648 793 670 808 rei
683 793 724 808 inter
734 792 810 808 attributa
821 792 881 811 divina,

507 818 546 838 quia
555 820 573 833 ut
583 818 604 833 ait
613 822 617 833 z
626 817 648 833 Ea
657 818 677 833 de
684 817 743 838 quibus
753 817 882 833 demonstrantur

507 843 575 861 diversa,
591 845 607 858 et
621 842 680 863 quibus
696 842 793 858 conveniunt
808 841 882 862 opposita

507 867 555 883 etiam
568 867 696 886 contradictorie,
708 867 752 882 omni
767 868 803 882 actu
819 866 881 882 intelle-

507 894 542 908 ctus
550 892 617 910 secluso,
625 896 644 907 ex
652 896 681 907 sua
691 891 811 911 distinguuntur
818 892 880 906 natura.

524 941 642 962 Consequenter
649 943 713 961 tangam
721 941 815 961 positionem
822 941 882 956 Duran-

507 966 522 982 di
535 966 555 982 de
567 966 596 982 ista
611 966 683 982 materia.
696 966 779 981 Dumndus
790 970 827 985 ergo
840 965 882 981 inter

507 993 560 1006 cetera
572 990 628 1006 scribit
639 995 643 1006 ε
655 990 713 1006 Eorum
725 995 761 1010 qum
771 992 809 1005 sunt
822 990 838 1005 in
850 990 882 1005 Deo

507 1017 523 1031 et
535 1015 618 1033 creaturiS,
630 1015 702 1035 quasdam
715 1015 839 1035 correspondent
851 1014 882 1030 Deo

507 1040 595 1056 secundum
607 1039 730 1060 oppositionem,
741 1041 759 1055 ut
769 1039 852 1055 infinitum
865 1039 880 1055 iu

103 1064 185 1085 simplicis
196 1063 262 1079 visionis
274 1065 290 1079 et
301 1064 379 1084 simplicis
392 1063 481 1083 intelligeu-
489 1065 500 1081 D
508 1064 538 1080 Deo
548 1067 564 1080 et
575 1064 639 1080 (initum
651 1064 667 1080 in
679 1064 765 1084 creaturi„
775 1064 848 1084 quasdam
858 1068 882 1079 so-

104 1089 136 1105 tim.
145 1088 203 1104 Anima
212 1088 255 1104 enim
266 1088 324 1104 Christi
335 1088 391 1104 notitia
402 1088 480 1108 simplicis

104 1113 172 1129 visionis
182 1113 264 1133 cognoscit.
273 1113 327 1129 omnia
336 1117 372 1133 quae
381 1115 397 1128 et
404 1112 479 1131 Verbum,

104 1143 137 1154 uon
148 1140 201 1154 autem
212 1138 268 1153 notitia
277 1137 356 1158 simplicis
365 1137 479 1158 intelligentias.

104 1172 125 1174 —
132 1162 204 1183 Septima
213 1162 317 1178 contradictio
327 1162 404 1178 fundatur
413 1162 429 1178 in
441 1162 481 1178 divi-

105 1192 126 1203 na
135 1187 214 1208 sapientia
224 1189 239 1202 et
249 1187 321 1205 scientia,
329 1191 356 1202 eas
366 1187 430 1207 proprie
440 1187 481 1202 acci«

106 1212 170 1233 piendo,
186 1213 234 1232 prout
248 1211 326 1232 sapientia
340 1213 364 1227 est
378 1214 480 1230 internorum,

105 1237 172 1253 scientia
188 1236 306 1257 temporalium.
321 1236 360 1252 Nam
376 1236 418 1252 Deus
434 1236 482 1252 habet

106 1261 201 1282 sapientiam
209 1261 229 1277 de
236 1265 264 1276 sua
272 1261 344 1280 essentia,
352 1265 383 1277 non
392 1263 445 1277 autem
453 1261 482 1277 sci-

106 1286 174 1306 entiam3
185 1288 201 1301 et
213 1286 233 1301 de
244 1285 359 1306 temporalibus
371 1285 418 1301 habet
431 1286 482 1302 scien-

107 1311 151 1330 tiam,
162 1315 193 1327 non
205 1310 301 1331 sapientiam
312 1315 316 1326 z
327 1315 364 1331 ergo
376 1310 454 1331 sapientia
466 1313 482 1327 et

108 1335 174 1351 scientia
189 1335 279 1351 formaliter
290 1340 309 1351 ex
322 1337 379 1351 natura
392 1335 414 1351 rei
426 1336 482 1351 distin-

507 1089 578 1105 cundum
589 1089 703 1107 causalitatem,
712 1091 730 1104 ut
739 1088 802 1104 Creator
813 1090 829 1104 et
839 1093 882 1104 crea-

507 1116 557 1134 tura3
572 1114 644 1134 quiedam
659 1114 747 1129 secundum
762 1113 851 1134 analogiam
866 1115 882 1128 et

508 1138 633 1159 proportionem,
641 1140 657 1154 ut
666 1138 744 1159 sapientia
753 1138 769 1153 in
777 1138 808 1154 Deo
816 1140 831 1153 et
839 1142 882 1153 crea-

508 1163 548 1179 turis
556 1167 560 1178 :
569 1163 623 1183 sieque
633 1163 653 1178 dc
662 1162 738 1181 bonitate,
746 1162 813 1183 justitia,
822 1164 837 1178 ct
845 1167 882 1178 con-

507 1187 594 1203 similibus.
607 1187 628 1203 Ea
642 1192 678 1208 quae
693 1189 730 1203 sunt
746 1187 802 1208 primae
816 1187 882 1207 imposi›

507 1212 556 1228 tionis
567 1214 583 1228 et
595 1212 674 1230 secundas,
686 1216 717 1228 non
729 1212 805 1228 dicuntur
817 1212 882 1232 propris

508 1237 590 1255 attributa,
598 1237 623 1252 vel
633 1237 689 1252 saltem
700 1241 731 1252 non
742 1236 803 1252 faciunt
812 1236 883 1252 difficul-

508 1263 557 1277 tatem
570 1261 585 1277 in
597 1261 684 1282 quastione
695 1261 782 1282 proposita,
791 1261 818 1276 sed
830 1260 882 1276 solum

509 1286 535 1302 illa
544 1291 579 1306 quas
590 1288 626 1301 sunt
637 1286 679 1301 tertii
690 1286 738 1304 modi,
747 1285 763 1301 iu
772 1285 831 1306 quihus
841 1285 882 1301 Deus

509 1313 524 1327 et
535 1313 607 1327 creatura
620 1310 722 1326 conveniunt.
733 1310 769 1326 Eme
779 1312 832 1325 autem
845 1312 882 1325 sunt

509 1341 546 1357 quaa
558 1335 574 1351 in
587 1340 615 1351 sua
628 1335 688 1351 ratione
698 1335 837 1356 imperfectionem
849 1339 881 1351 non
