1088 1569
139 547 180 558 Joam.
184 550 201 559 n.

135 563 148 573 n

142 570 171 589 ma.
177 579 194 589 ιι,

139 820 165 831 Δει.
170 824 182 833 ιι,
188 822 197 832 ιΔ

144 845 173 856 ma.
179 846 189 856 zi

208 127 239 143 1572

372 132 388 144 m
398 132 454 144 ιιιῑιιυΙ
465 132 470 143 i
480 131 601 143 amarmurm-
612 136 632 139 —
642 131 682 143 mn.
693 131 729 147 Χνιζ
740 131 797 145 numer.
809 131 826 142 ni

209 174 331 190 redundantiam
338 175 393 195 gratim
400 174 436 195 ejus
443 174 459 190 in
468 174 508 190 alios
515 179 544 195 per
551 178 585 190 mo-
591 173 604 189 Α
612 176 630 189 ut
641 174 655 190 si
667 176 751 195 appareret
765 179 833 195 persona
844 174 900 190 divina
912 174 929 190 in
941 174 987 189 atella

209 199 246 214 dum
259 199 340 218 doctrinm,
351 199 426 219 apparuit
437 199 506 220 Spiritus
518 199 585 214 Sanctus

209 228 258 244 super
265 224 318 244 ipsum
327 224 342 239 in
353 223 406 239 lucida
416 224 464 242 nube,
473 223 520 244 cujus
529 225 553 239 est
561 223 585 238 ln-

209 253 245 264 men
258 253 338 269 spargere.
348 248 364 264 ln
378 253 409 269 quo
422 248 514 268 designatur
526 247 584 263 effusio

209 273 285 289 doctrinm
293 278 322 293 per
329 273 461 293 praedicationem
467 273 527 288 Idcirco
535 277 584 293 quum

189 308 192 311 -
209 302 239 313 vox
252 297 302 313 Patris
314 302 362 318 super
374 297 427 318 ipsum
443 297 543 315 intonuisset,
556 297 584 312 Hic

209 324 233 338 est
244 322 293 338 Filius
306 327 351 338 meus
363 322 436 341 dilectus,
446 322 505 342 adjecit
515 327 519 338 :
530 322 584 342 Ipsum

209 347 268 363 audite.
277 347 310 363 Non
323 352 360 367 ergo
371 347 442 367 oportuit
454 347 534 363 visibilem
547 346 585 362 mis-

209 372 270 387 sionem
283 371 319 387 fieri
330 376 379 392 super
389 371 469 387 Christum
481 372 497 387 in
508 376 536 387 sua
547 375 585 387 con-

209 396 296 417 ceptiouc;
311 396 338 412 sed
354 398 392 412 tunc
406 396 469 416 quando
483 396 534 416 gratia
549 395 584 416 ejus

209 421 258 441 coepit
269 420 339 441 prmfatis
350 421 401 436 modis
411 420 427 436 in
438 421 477 436 alios
488 420 583 436 redundare.

208 445 314 466 -Apostolis
324 450 388 466 quoque
398 445 423 461 bis
432 445 474 461 facta
484 447 508 460 est
515 444 583 461 visibilis

612 199 637 214 vel
645 199 719 215 nobiliori
730 201 792 218 natura,
801 200 854 219 posset
862 199 899 219 quis
908 199 987 215 aestimare

612 224 684 239 divinum
698 224 736 244 qnid
749 228 783 239 esse
796 224 811 239 in
825 223 862 239 illis.
871 223 907 239 linc
919 223 987 239 Thomas

612 248 628 264 in
639 248 707 269 Scripto.

631 273 676 289 Circa
684 273 717 289 haec
726 273 783 294 quierit
790 273 845 289 Petrus
853 278 857 288 :
866 273 898 289 Gur
905 272 955 289 Filius
962 277 989 293 ap>

613 298 666 318 paruit
676 298 692 314 in
703 298 736 314 sola
747 300 819 314 creatura
830 298 909 316 rationali,
917 297 962 313 Pater
971 298 988 313 in

611 323 645 338 sola
652 322 725 341 audibili,
734 324 773 343 puta
781 322 796 338 in
805 327 850 341 voce,
858 322 914 338 saltem
922 322 938 338 in
947 327 989 338 novo

612 347 718 366 Testamento,
728 347 798 368 Spiritus
808 347 875 363 Sanctus
886 347 902 362 in
914 349 989 363 creatura

612 372 672 388 visibili
685 372 784 388 irrationalil
797 372 816 388 Et
828 372 913 393 respondet
926 377 930 387 z
942 372 989 387 Pater

611 397 687 417 apparuit
694 397 713 412 ad
722 397 864 413 demonstrandum
871 396 929 413 Filium
936 397 987 417 :quod

612 426 643 437 non
659 421 711 442 potuit
724 422 815 442 expressius
830 421 866 437 fieri
882 426 929 442 quam
942 426 987 440 voce,

612 446 649 461 item
661 448 727 466 propter
736 446 847 462 auctoritatem
859 445 934 466 principii
944 450 989 462 coin>

209 470 269 486 missio,
278 470 335 489 Primo,
344 470 363 485 ad
372 470 486 485 insinuandum
494 469 584 485 redundan-
592 469 604 484 B
611 471 723 489 mendandam,
735 471 811 491 quoniam
824 470 870 486 Pater
881 470 923 486 intra
935 475 953 486 se
965 470 988 486 Ιο-

209 494 247 510 tiam
256 495 310 515 gratim
318 499 337 510 ex
344 494 368 510 eis
378 499 406 515 per
413 494 522 515 operationem
533 494 548 509 in
557 494 583 509 ad-

209 519 325 535 ministratione
333 521 474 535 sacrarnenlorum.
483 518 520 537 Quae
528 518 583 535 missio

209 544 251 560 facta
261 546 285 560 eat
296 544 312 559 in
323 544 376 565 specie
388 543 442 562 flatus,
451 546 468 559 ut
479 543 530 559 fertur
540 544 583 564 apud

208 569 291 585 loannem.
302 569 346 584 Unde
358 568 461 589 subjungitur
473 568 502 587 ibi,
512 568 584 586 Quorum

210 594 302 609 remiseritis
315 595 385 614 peccata,
395 595 432 611 etc,
445 595 462 608 ut
474 593 584 608 ostenderetur

209 619 252 639 quod
265 618 300 634 talis
311 618 396 634 auctoritas
409 622 440 634 non
453 618 517 633 devenit
528 617 544 633 in
557 622 584 633 eos

209 643 240 658 nisi
250 647 269 658 ex
280 642 343 658 influxu
353 642 418 663 Capitis,
430 644 484 662 utpote
495 642 558 660 Christi,
567 642 583 657 in

209 672 257 688 quem
264 667 329 683 devenit
338 667 430 682 immediate
439 672 448 682 a
458 666 508 682 Patre,
517 666 557 682 liinc
567 667 583 682 in

209 692 271 708 Christe
283 692 405 712 significabatur
416 691 501 707 auctoritas
513 691 543 707 isla
556 696 584 712 per

209 716 279 733 volatum
294 716 373 732 columbas
387 716 456 737 desuper
468 716 552 734 venientis,
568 716 584 731 in

209 741 288 762 Apostolis
297 746 335 757 vero
346 746 374 762 per
383 741 453 761 speeiem
464 740 511 756 flatus
521 745 530 756 a
540 740 584 757 Chri<

611 495 675 515 quando
686 495 742 515 genuit
755 495 819 514 Filium,
832 495 859 515 qui
874 497 899 511 est
910 495 986 511 Verbum.

611 519 660 535 Filius
672 524 710 536 vero
722 520 797 540 apparuit
812 522 829 536 ut
841 520 919 536 mediator
930 520 959 535 Dei
971 522 987 536 et

611 544 695 560 hominum
703 546 771 563 tantum,
779 549 810 560 non
819 545 935 560 irrationalium
943 549 988 560 crea-

611 571 684 585 turarum
693 574 696 585 ς
705 569 758 585 taliter
765 571 818 585 autem
829 569 898 585 mediare
908 574 940 585 non
950 574 988 585 con-

611 593 655 609 venit
665 594 717 610 Verbo
729 596 788 610 oeterno
800 594 831 609 nisi
845 594 861 610 in
873 594 947 610 rationali
957 593 989 610 'na-

611 620 652 634 tura.
665 618 734 639 Spiritus
746 618 814 634 Sanctus
825 620 879 634 autem
893 619 952 634 missus
964 620 988 634 est

611 645 659 663 atque
668 643 744 664 apparuit
751 643 767 659 in
778 645 851 659 creatura
860 643 891 659 sibi
899 643 988 664 supposita-

611 667 648 683 liter
655 672 686 683 non
696 668 740 683 unita
749 672 752 683 :
761 668 797 684 ideo
805 668 855 688 magis
864 668 966 688 competebat
972 668 987 684 ei

612 692 627 708 in
636 694 709 708 creatura
717 697 795 713 apparere
805 692 899 711 irrationali,
907 697 943 713 quas
950 693 988 713 plus

611 717 717 733 conveniebat
729 717 844 737 significationi
858 717 957 733 institutivoe.
969 718 986 733 ln

611 743 644 757 toto
651 746 715 762 quoque
722 742 794 760 animali,
800 742 875 758 videlicet
881 742 897 758 in
906 742 986 761 columba,

209 768 233 782 sto
245 766 350 787 procedentia,
358 766 431 781 Secundo
442 765 483 781 facta
493 767 517 781 est
528 765 546 781 ad
557 770 584 781 eos
591 767 602 783 G
612 766 686 787 apparuit
701 771 749 787 super
761 766 848 785 Christum,
860 767 880 782 ad
895 766 988 787 significan-

209 791 264 807 missio
272 791 340 807 visibilis
350 791 369 806 ad
377 790 485 806 denotandum
495 790 584 806 redundan-

210 815 247 831 tiam
259 815 314 836 gratiae
325 820 354 836 per
364 815 429 831 modum
440 815 522 833 doctrinas.
531 815 547 830 in
558 815 584 830 die

209 840 315 856 Pentecostes.
323 840 383 856 idcirco
393 840 468 860 apparuit
477 844 526 860 super
533 844 560 855 eos
568 839 583 855 in

209 865 260 886 igneis
267 865 332 885 linguis,
340 867 357 880 ul
367 866 420 880 essent
428 864 480 880 verbis
491 864 550 885 proflui
559 869 584 879 ca-

209 890 287 910 ritateque
295 889 358 908 fervidi,
367 889 476 909 proximorum
486 888 553 904 salutern
562 893 585 904 ze-

209 915 265 930 lantes.
274 923 294 926 —
301 914 383 934 Siquidem
391 914 453 934 species
461 913 492 929 illoe
500 913 516 929 in
525 913 584 933 quibus

209 939 277 959 Spiritus
288 938 355 954 Sanctus
364 938 444 958 apparuit,
452 937 536 958 signabant
546 937 585 953 effe-

209 966 244 979 ctus
255 963 323 984 Spiritus
334 963 394 981 Sancti,
402 963 490 978 secundum
500 967 540 983 quos
550 962 585 982 Spi-

210 988 249 1004 ritus
261 988 328 1004 Sanctus
341 987 400 1003 dicitur
411 987 501 1007 multiplex,
511 987 584 1007 quamvis

209 1013 225 1028 in
233 1017 262 1028 sna
272 1012 341 1028 essentia
351 1017 392 1027 unns
400 1012 421 1027 sit
429 1016 433 1027 :
442 1012 502 1027 idcirco
510 1011 526 1027 in
535 1011 585 1032 pluri-

210 1037 239 1053 bus
252 1037 327 1058 apparuit
339 1036 423 1057 speciebus
435 1041 454 1052 ac
466 1036 531 1057 pluries.
541 1036 585 1052 Unde

611 792 650 807 dum
661 791 677 806 in
688 791 723 811 ipso
733 791 853 807 universitatem
863 792 918 812 gratim
927 796 945 807 ac
955 792 988 808 vir-

612 818 670 834 tutum,
679 816 828 836 plenitudinemque
835 816 943 836 spiritualium
952 821 988 832 sen-

612 845 664 856 suum.
675 840 704 856 Per
713 840 804 856 columbam
816 845 854 857 vero
866 841 988 861 significabatur

612 865 628 880 in
641 865 704 881 Christo
716 865 807 881 innocentia
819 868 885 885 naturai,
897 865 988 882 fecunditas

611 889 671 909 gratias,
687 889 785 906 sacrificium
800 890 914 911 redemptionis
930 891 988 906 hnma-

612 919 637 930 nae
649 919 652 930 τ
666 916 690 930 est
702 919 772 935 namque
783 915 858 931 columba
870 915 929 931 animal
942 915 988 931 iuno-

612 943 656 958 ccns,
668 938 760 958 fecundum,
771 941 787 955 et
798 939 926 955 immolaticium.
936 939 989 960 Super

612 963 695 984 Apostolos
702 965 761 982 autern,
767 963 783 979 in
792 964 851 984 quibus
859 964 890 980 fuit
895 964 946 984 gratia
954 969 989 985 par-

612 988 689 1007 ticularis,
696 988 771 1009 apparuit
778 988 847 1009 Spiritus
854 988 921 1005 Sanctus
929 989 945 1004 in
954 994 989 1009 par-

613 1015 628 1028 te
638 1013 717 1031 animalis,
729 1015 767 1033 puta
778 1013 794 1028 in
805 1013 870 1034 linguis.
880 1013 916 1029 Erec
926 1013 987 1030 Petrus.

632 1037 660 1053 Hic
670 1037 727 1058 qumi-it
735 1037 828 1056 Richardus,
836 1042 856 1053 an
867 1038 943 1058 quelibet
952 1043 989 1059 ape-

209 1064 225 1078 et
236 1062 252 1078 in
264 1061 380 1077 irrationalium
392 1063 500 1077 creaturarum
510 1061 585 1081 apparuit
593 1063 605 1079 D
612 1062 673 1078 cierum
682 1062 698 1077 in
706 1062 765 1082 quibus
776 1062 834 1078 missus
842 1064 866 1078 est
873 1062 942 1083 Spiritus
950 1063 990 1079 San-

209 1092 228 1102 ac
238 1086 296 1102 missus
307 1088 331 1102 est
341 1086 396 1102 formis
407 1090 443 1106 quae
453 1085 522 1106 Spiritus
531 1085 584 1101 Sancti

210 1111 277 1127 effectus
288 1111 339 1131 magis
349 1110 437 1131 designant.
446 1110 490 1129 Quod
502 1110 537 1126 ideo
547 1115 586 1130 quo-

210 1141 241 1157 que
249 1136 326 1152 effectum
336 1138 365 1154 est,
375 1135 413 1156 quia
421 1137 438 1151 ut
447 1135 517 1151 secundo
525 1135 544 1151 de
552 1135 586 1151 Coe-

210 1161 244 1177 lesti
257 1160 346 1176 hierarchia
358 1160 429 1180 capitulo
440 1160 524 1180 Dionysius
534 1162 586 1180 prote-

210 1188 265 1204 statur,
281 1185 364 1201 inferiores
379 1186 456 1200 creaturas
471 1189 490 1200 eo
504 1184 539 1205 ipso
554 1189 586 1205 quo

210 1210 261 1230 magis
268 1210 328 1225 distant
335 1214 344 1225 a
354 1209 477 1230 participatione
487 1208 558 1229 perfecta
565 1209 587 1224 di«

211 1235 291 1253 vinorum,
304 1234 418 1255 congruentius
432 1233 534 1249 manifestant
547 1233 587 1250 divi-

211 1264 232 1275 na
243 1264 247 1275 z
259 1259 298 1279 quia
309 1263 340 1274 non
354 1260 406 1279 potest
418 1263 437 1274 ex
450 1258 480 1274 hoc
492 1262 536 1274 error
548 1258 586 1274 oriri

211 1286 277 1305 propter
284 1283 374 1299 evidentem
382 1282 474 1298 distantiam
483 1282 539 1298 talium
547 1287 556 1298 a
564 1283 587 1298 di-

212 1308 259 1324 vinis>
268 1308 297 1326 Qui
305 1312 349 1324 error
357 1307 421 1324 facilius
429 1310 481 1328 posset
488 1307 565 1326 accidere,
574 1308 587 1323 si

213 1338 241 1354 per
249 1333 311 1349 nobiles
321 1335 401 1349 creaturas
411 1332 512 1353 signarentur
520 1332 575 1348 divina
583 1337 587 1348 z

612 1089 653 1105 ctus,
663 1086 713 1102 fuerit
724 1091 748 1102 ros
759 1091 796 1103 vere
807 1087 900 1107 corporalis.
911 1087 935 1103 Ad
945 1088 988 1108 quod

613 1111 699 1132 respondet
712 1111 754 1132 quod
770 1111 808 1130 imo,
821 1111 843 1127 ita
858 1112 900 1132 quod
913 1111 989 1128 exteriori

613 1140 660 1151 sensu
673 1136 725 1156 potuit
736 1136 842 1156 apprehendi,
853 1136 988 1156 quemadmodum

613 1160 688 1176 columna
704 1160 752 1176 nubis
768 1160 811 1176 filios
828 1160 875 1176 lsrael
891 1161 958 1180 ducena,
973 1163 990 1177 et

613 1185 655 1205 ignis
670 1185 711 1200 rubi.
725 1184 745 1200 De
758 1185 817 1205 quibus
830 1185 905 1201 omnihus
918 1185 989 1201 secundo

613 1210 633 1225 de
641 1209 717 1225 Trinitate
725 1209 796 1230 loquitur
804 1209 902 1230 Augustinus
911 1214 915 1225 z
923 1209 989 1230 Species

614 1234 645 1250 illae
657 1234 748 1254 corporales
760 1234 779 1249 ad
792 1234 933 1250 demonstrandum
945 1234 990 1254 quod

614 1263 654 1279 opus
662 1258 698 1277 fuit,
707 1258 760 1274 subito
768 1260 888 1279 apparuerunt:
896 1260 912 1274 et
920 1259 990 1279 peractis

614 1283 647 1299 suis
655 1283 755 1301 ministeriis,
761 1287 795 1298 esse
803 1287 840 1299 mox
847 1283 947 1299 destiterunt.
953 1282 990 1299 Huc

615 1308 709 1324 Rich-rous.

637 1332 725 1348 Concordat
732 1336 797 1352 quoquo
805 1332 888 1348 Durandus
894 1332 927 1352 jam
935 1332 989 1348 dictis.

995 526 998 537 ι
1004 526 1034 537 rm.
1039 530 1047 537 ιι
1061 528 1073 536 ς,

999 748 1049 759 Πιιυι.
1055 752 1072 759 ιιι,

996 765 1013 774 ιε.
