1088 1569
186 128 216 144 ¹96

356 133 372 145 [N
382 133 438 145 1118!an
448 133 453 145 1
464 133 585 145 mmmmm-
597 138 616 140 —
626 133 666 145 DIST-
677 133 698 149 11;
709 133 766 147 mmor.
777 133 793 144 Vl

184 179 204 191 ex
218 180 236 191 se
251 175 299 191 hahet
314 176 413 192 intellectum
427 178 443 192 et
455 176 664 196 volnntatem,Apei-sonis‚
675 176 712 191 licet
726 176 762 192 aliae
777 180 808 192 non
823 175 877 191 dicant
888 175 969 193 Verbum,

185 200 261 220 quoniam
276 202 314 216 sunt
326 205 355 221 per
367 206 383 216 se
396 201 476 221 principia
488 200 560 216 omnium

185 224 314 244 productionum.
323 225 398 243 Quamvis
408 225 451 241 enim
462 226 504 241 inter
511 230 528 241 se
536 230 561 241 so-

185 249 200 265 la
212 249 289 266 differant
303 250 370 269 ratione,
383 252 401 266 ut
412 252 450 266 sunt
463 250 560 269 essentialia,

185 276 223 290 sunt
230 276 283 290 tamen
292 275 352 291 rndicae
361 275 480 295 processionum
490 275 561 291 notionu-

185 298 224 314 linm
236 303 245 314 a
259 303 326 319 persona
337 299 428 315 innascibili
441 304 444 315 :
457 299 532 320 quoniam
544 299 560 315 in

184 323 228 339 omni
241 323 297 339 ordine
310 323 426 343 differentium,
439 324 466 339 ubi
479 324 561 339 invenitur

184 347 277 363 differentia
287 348 344 367 minor,
355 348 377 364 ibi
389 348 453 364 initium
464 348 560 364 differentias

184 374 208 387 est
219 372 297 392 majoris:
306 373 441 393 quemadmodum
453 373 492 389 ratio
504 373 560 393 primae

184 396 307 417 simplicissime
323 397 388 413 unitatis
405 398 421 413 in
437 402 472 413 esse
488 397 521 416 Dei,
536 399 561 413 est

184 421 230 441 qnasi
238 422 282 442 origo
292 422 400 438 multitudinis
409 427 427 438 ac
435 422 531 438 differentis
538 422 561 437 ‹li-

184 446 258 462 vinarum
270 447 350 462 rationum
363 449 379 462 et
392 447 511 465 attributorum,
524 451 560 467 quas

587 202 603 216 et
614 201 693 221 quomodo
704 200 803 221 impossibile
814 202 838 216 est
847 200 891 220 quod
902 200 966 215 dicant.

587 225 617 241 Per
623 225 664 245 qnod
672 225 732 245 patebit
739 225 786 240 eti-sn
794 229 813 240 ex
821 227 866 245 parte
873 224 967 242 voluntatis.

588 250 668 270 quomodo
679 250 726 266 unico
736 254 790 266 amore
802 250 897 270 procedente
907 248 969 269 produ-

588 277 614 290 cto
627 279 636 290 a
648 274 693 290 Patre
705 277 721 290 et
736 274 781 293 Filio,
794 274 878 295 perficitur
892 274 968 294 operatio

588 299 675 315 volunutis
682 299 698 315 in
707 299 759 315 tribus
767 299 845 320 personis,
850 299 923 319 quamvis
930 298 969 319 Spi-

589 324 629 339 ritus
637 324 704 340 Sanctus
712 324 757 339 illum
768 328 839 339 amorem
847 328 878 339 non
887 323 966 343 producat

589 353 618 364 nec
625 349 675 364 alium
683 349 801 367 immanentem,
806 350 821 364 et
829 348 908 369 quomodo
916 348 967 363 etiam

589 373 690 393 impossibile
697 375 747 389 estut
757 373 833 393 producat
841 373 894 393 ipsum
901 372 968 393 spiran-

588 397 613 413 do.
627 397 681 418 ltaque
693 402 712 413 ex
726 399 771 418 parte
786 397 882 415 intellectus,
895 397 914 413 ad
928 397 966 412 hm

589 422 641 442 primo
650 422 739 440 sciendum,
750 422 792 442 quod
803 424 855 442 potest
865 421 965 437 considerari

588 449 615 462 aut
623 449 640 462 ut
647 447 715 467 simplex
724 448 819 465 natur-aaut
826 448 844 462 ιιι
851 448 875 462 est
883 448 940 462 ιιιιιιη
948 448 965 462 et

184 471 253 486 maxime
265 473 289 486 est
300 471 341 487 inter
352 471 451 487 intellectum
462 473 478 487 et
490 471 561 487 volunta·
569 471 684 492 Boperationis
694 471 806 487 intellectualis
817 471 921 492 principium.
930 471 965 486 Pri-

184 497 221 514 tem,
230 495 249 511 ad
259 500 307 516 quam
315 496 367 512 omnis
375 496 458 512 diversitas
468 496 559 511 divinarum

184 520 263 536 rationum
275 522 291 536 et
301 520 414 537 attributorum
425 520 512 536 reducitur.
520 520 560 536 Alioe

183 546 236 560 autem
249 545 284 560 duas
296 549 367 565 personas
380 545 413 561 hau:
425 545 484 561 liabent
495 550 504 561 a
514 545 559 561 Patre

184 573 213 589 per
220 571 264 585 nctus
271 570 379 589 generationis
386 572 402 585 et
410 570 520 590 processionis,
526 569 560 585 lun-

183 593 228 610 datus
239 594 255 609 in
268 594 330 610 actione
345 594 425 610 essentiali
441 594 531 610 intellectus
543 596 560 610 et

183 618 269 634 voluntatis
284 623 288 634 t
302 624 337 640 qnae
353 619 395 635 sieut
411 619 453 635 inter
467 624 484 635 se
499 619 559 635 habent

182 643 268 663 quemdam
285 644 358 659 ordinem
376 644 447 662 rationis,
462 644 485 659 sic
502 644 559 659 ordine

183 668 252 688 quodam
260 670 297 684 sunt
307 668 376 688 origines
387 668 515 684 fundamentales
525 673 559 689 per-

182 692 261 708 somnum
272 693 401 713 productionem,
409 697 445 713 quas
455 693 496 708 inter
506 697 523 708 se
533 693 559 708 lia·

182 717 220 732 bent
228 717 314 737 quemdum
321 717 388 737 originis
395 717 467 733 ordinem
476 722 479 733 :
486 718 508 733 ita
515 717 558 738 quod

182 741 215 757 sive
225 741 273 757 simul
281 741 341 762 absque
351 742 395 757 omni
404 742 460 757 ordine
469 742 501 757 sint
509 742 525 757 in
533 742 559 757 Pa-

587 501 613 512 mo
621 496 666 512 modo
673 496 714 512 actio
722 496 806 512 notionulis
814 495 863 516 ipsius
870 495 919 511 Patris
928 495 966 511 lun—

588 521 624 536 date
634 525 683 541 super
695 521 799 539 intellectum,
809 520 869 536 dicitur
879 525 964 541 generare,

587 548 603 561 et
611 545 706 566 productum
715 545 773 561 dicitur
781 545 835 564 riuus,
844 545 882 566 quia
891 545 965 566 procedit

587 572 605 585 ιιι
615 570 673 589 simile,
683 570 698 586 in
710 572 788 590 quantum
799 572 856 586 natura
868 572 892 585 est
902 570 965 590 princi-

587 594 632 615 pium
639 594 743 610 assimilandi.
752 594 825 610 Secundo
832 594 884 613 modo,
892 594 965 615 appella-

587 621 613 634 tur
620 619 679 638 dicere,
684 621 700 635 et
708 619 803 640 productum
811 621 878 635 vocatur
885 619 964 638 Verbum,

587 644 624 664 quia
636 644 707 664 procedit
717 646 735 660 ut
745 644 859 660 declarativum
869 646 885 659 et
895 644 965 660 monife-

586 669 661 684 stativum
673 669 708 689 ejus
718 669 744 684 cui
755 671 779 684 est
788 668 846 687 simile,
855 668 871 684 in
883 670 964 689 quantum

586 693 639 709 dicere
650 696 673 709 cst
685 696 730 709 actus
741 694 846 709 monstrandi.
856 693 913 714 Sicque
925 693 965 709 Ver·-

586 718 624 733 hum
634 720 650 733 et
658 718 707 733 Filius
716 718 794 734 disserunt
803 718 869 737 ratione,
878 718 901 733 iu
910 720 928 733 ut
937 722 965 734 r·-

586 743 608 759 tio
618 743 664 758 Verbi
676 743 773 763 completiva
783 743 803 758 sit
815 742 880 758 rationis
891 742 932 758 Filii*

182 768 206 781 tre
218 766 308 782 intellectus
317 768 333 782 et
341 766 420 785 voluntas,
429 767 462 782 sive
472 771 509 782 cum
519 771 558 787 quo-
567 768 578 784 G
602 767 645 786 Quod
654 772 691 788 ergo
699 767 755 783 urdine
762 767 831 788 quodam
840 767 905 783 rationis
913 767 964 783 habet

182 791 218 806 dnm
229 791 286 807 ordine
299 791 370 810 rntionis,
380 793 433 807 tamen
446 792 487 807 sicut
499 794 522 807 est
533 796 558 807 or-

182 815 202 831 do
215 815 280 835 quidam
293 815 359 831 rationis
371 816 422 836 ipsius
435 816 525 831 intellectus
537 816 557 832 ad

182 840 286 858 voluntatem,
297 840 319 856 ita
328 842 344 856 et
355 840 373 856 nd
385 840 499 860 perficiendam
509 841 558 856 actio-

183 869 219 880 nem
227 864 351 880 intellectualem
359 864 375 880 in
384 865 433 880 Patre..
442 864 500 885 Sicque
508 870 517 880 a
524 865 557 881 solu

182 889 227 904 Patre
234 889 280 909 quui
288 889 341 910 primo
351 889 423 910 procedit
430 892 476 905 actus
484 894 558 910 persona-

183 913 202 929 lis
212 913 274 929 dicendi
285 919 313 930 seu
322 914 414 934 generandi,
424 918 456 935 qno
464 914 558 935 producitur

182 938 231 954 Filius
238 938 272 954 sive
280 938 359 956 Verbum:
367 941 383 954 ot
390 939 435 959 quasi
446 939 516 955 secundo
524 943 558 959 pro-

181 962 223 978 cedit
233 965 278 978 actus
290 963 367 983 spirandi,
375 967 408 983 quo
419 963 512 983 producitur
522 963 558 984 Spi-

182 987 222 1003 ritus
232 987 304 1005 Sanetus,
313 987 340 1007 qui
352 987 442 1003 cummunis
452 989 476 1005 est
486 987 526 1003 Patri
538 993 557 1003 ae

181 1011 227 1027 Filio*
234 1011 263 1027 Per
273 1012 346 1027 eumdem
357 1012 416 1027 etenim
427 1014 479 1027 actum
490 1016 522 1032 quo
531 1012 557 1028 Ρι-

181 1038 206 1052 ter
217 1038 282 1057 generat
293 1036 356 1055 Filium,
365 1037 473 1052 communicat
484 1037 498 1052 ei
511 1037 557 1057 quid-

586 792 675 808 intelleetus
681 797 715 808 esse
722 792 739 808 in
747 797 813 813 persona
820 792 871 812 prima
878 792 965 808 innascibi-

586 817 596 832 li
604 819 652 837 atque
660 817 676 833 in
684 817 726 836 aliis,
732 819 748 833 et
754 817 810 833 ordine
818 817 886 837 quodam
894 817 964 837 originis

585 841 661 857 dicuntur
672 842 725 857 dicere
736 844 752 857 et
762 842 824 862 spirare
835 841 899 857 fundari
912 846 964 862 super

585 868 638 882 actum
651 866 750 887 intelligendi
763 868 778 882 et
788 866 852 882 volendi
864 871 867 882 τ
881 866 917 882 lieet
928 868 963 882 tres

586 895 657 911 personae
667 891 715 906 simul
724 891 819 906 naturaliter
829 893 845 906 et
854 891 964 906 essentialiter

586 915 683 936 intelligunt,
694 915 749 936 eisque
760 915 835 931 convenit
845 917 890 931 aetus
902 915 964 931 intelli-

584 940 632 960 gendi
640 945 689 960 super
696 945 744 960 quein
754 940 831 955 fundatur
837 942 882 955 actus
890 940 961 959 dicendi,

585 966 630 980 actus
637 966 690 980 umen
698 964 760 980 dicendi
768 964 845 980 fundatur
852 968 901 985 super
908 966 962 980 aetum

586 989 691 1009 intelligendi,
700 991 718 1004 ιιι
729 989 779 1005 Patria
791 991 821 1005 est.
829 989 904 1007 Quamvis
916 989 961 1004 enim

585 1014 645 1034 aliquid
657 1018 741 1029 commune
752 1014 772 1029 sit
782 1014 856 1034 pluribus
866 1014 927 1034 aliquid
937 1016 962 1029 tn·

585 1043 621 1054 men
632 1038 707 1054 convenit
716 1038 730 1054 ei
741 1040 758 1054 ut
768 1040 791 1054 est
802 1039 818 1054 in
830 1043 867 1058 uno,
876 1041 892 1054 et
901 1043 932 1054 non
942 1041 962 1054 ιιι

181 1061 220 1082 quid
233 1061 286 1080 hahet,
295 1063 353 1081 preter
365 1061 478 1082 proprietatem
491 1066 523 1082 qua
533 1062 558 1077 Fi-
566 1064 578 1080 D
586 1063 602 1078 in
614 1063 651 1082 alio,
660 1063 684 1079 vel
695 1063 783 1079 seeundum
794 1063 875 1079 diversum
887 1063 961 1079 ordinem

181 1085 213 1101 lius
221 1086 269 1101 habet
276 1090 310 1101 esee
317 1090 327 1101 a
334 1085 388 1106 Patre;
397 1088 413 1101 et
420 1091 452 1102 non
461 1086 518 1102 retinet
525 1086 556 1102 eibi

182 1110 271 1131 proprium,
280 1110 310 1126 nisi
321 1110 434 1131 proprietatem
443 1111 558 1127 innascibilita-

181 1134 202 1150 tis
214 1139 251 1150 cnm
267 1134 327 1150 ratione
339 1139 371 1155 qna
386 1135 406 1151 no
419 1135 453 1155 ipso
465 1137 489 1151 est
501 1135 556 1151 Filius.

181 1158 239 1179 Sieqne
250 1159 358 1175 communicat
368 1159 383 1175 oi
396 1159 494 1175 voluntatem
504 1162 520 1176 ot
532 1165 558 1176 nc-

181 1185 215 1199 tum
224 1183 293 1202 volendi,
302 1185 318 1199 et
327 1183 374 1199 etiam
386 1183 499 1204 proprietatem
506 1184 557 1200 notio-

181 1208 234 1224 nalem
242 1208 326 1224 fundatam
333 1213 382 1229 super
389 1210 442 1224 actum
450 1209 519 1228 volendi,
525 1214 557 1230 qua

181 1237 218 1249 cum
227 1233 273 1249 Patre
283 1233 357 1254 producit
364 1233 441 1254 Spiritum
451 1233 527 1249 Sanctum
537 1234 556 1250 ad

182 1257 300 1278 perficiendum
311 1260 363 1273 notui-n
375 1258 466 1274 voluntatis.

198 1282 220 1298 Ex
229 1285 274 1303 parte
282 1287 319 1303 ergo
327 1282 417 1298 intellectus
425 1283 557 1299 considerandum

181 1308 262 1328 quomodo
272 1308 320 1323 unico
330 1307 382 1323 Verbo
395 1308 472 1328 producto
484 1313 494 1323 a
505 1308 555 1327 Patre,

182 1332 266 1353 perficitur
274 1332 346 1353 operatio
356 1332 468 1348 intellectualis
479 1333 495 1348 in
506 1333 556 1349 tribus

585 1088 702 1103 consideratum
715 1088 732 1103 in
744 1092 768 1104 eo⁴
779 1088 863 1108 Quumque
876 1088 905 1104 soli
917 1088 961 1104 Patri

584 1117 604 1128 ex
614 1117 630 1128 se
641 1112 726 1128 conveniat
736 1112 830 1133 intelligere,
838 1113 853 1128 ei
864 1112 893 1128 soli
903 1117 961 1128 conve-

585 1137 609 1152 nit
616 1137 669 1153 dicere
677 1137 738 1153 ratione
745 1141 778 1153 snm
788 1137 873 1157 primitatis
882 1142 886 1153 ι
894 1137 932 1158 quia
939 1142 961 1153 cx

584 1166 601 1177 se
614 1161 661 1177 habet
672 1161 743 1177 divinam
753 1162 838 1177 essentiam
848 1162 916 1182 ejusque
926 1166 961 1178 ona-

585 1186 611 1201 nia
626 1186 707 1202 attributa.
720 1186 764 1202 Unde
777 1186 898 1202 fundamentum
911 1187 960 1202 totins

584 1211 687 1226 fecunditatis
697 1211 716 1226 nd
726 1211 845 1231 generationem
855 1211 891 1227 Filii
902 1213 918 1227 et
927 1211 961 1231 spi-

585 1235 662 1251 rationem
669 1235 738 1256 Spiritus
745 1235 852 1254 Sancti,solus
859 1235 905 1251 Pater
912 1236 960 1251 habet

585 1259 601 1274 in
612 1264 629 1275 se
639 1261 654 1275 et
665 1264 684 1275 ex
694 1264 716 1275 se.
725 1260 843 1278 Verumtamen,
852 1261 925 1280 quamvis
934 1265 961 1276 so-

584 1284 609 1299 lus
616 1283 662 1299 Pater
669 1284 692 1300 sic
700 1284 742 1300 dicat
749 1286 765 1300 et
773 1286 844 1305 generet,
853 1287 905 1301 tamen
915 1287 960 1301 nctus

585 1309 612 1324 ille
621 1309 685 1325 dicendi
695 1311 719 1325 est
729 1309 827 1329 perfectivus
838 1310 886 1325 totius
897 1309 960 1325 intelle-

585 1333 642 1349 ctualis
653 1333 751 1354 operationis
761 1336 779 1349 ut
789 1336 813 1350 eat
823 1334 872 1350 trium
884 1339 960 1355 persona-
