1088 1569
136 669 202 683 *mai-:ina

134 685 151 695 -ι
154 684 203 695 uitam

136 700 202 711 amm-

208 124 238 142 ³¹0

385 130 401 142 ut
411 130 466 142 uenus(
477 130 483 142 ι
493 130 613 141 §mmmmm-
625 134 645 137 —
655 130 694 141 nter.
705 130 725 146 νς
736 130 793 144 ουεετ.
804 130 810 142 1

209 177 254 188 suam
266 173 351 188 essentiam
364 173 523 189 communicaverunt
534 172 603 193 Spin-A
611 172 698 188 authentici
711 172 727 188 in
740 177 801 188 canone
813 172 873 191 biblia,
881 172 903 188 ita
915 172 988 188 decernit

209 197 232 213 tui
241 197 304 213 Sancto.
313 197 370 218 Sicque
382 200 413 213 tres
424 201 494 218 persona
503 198 539 212 sunt
552 201 583 212 una

209 227 239 240 res,
248 226 280 237 una
290 222 364 240 essentia,
373 226 415 238 unus
426 222 471 237 Deus.
480 221 540 237 idcirco
551 225 582 237 non

209 248 232 262 est
243 246 259 262 in
271 246 302 262 Deo
312 246 416 267 quaternitas,
425 246 501 266 quoniam
514 250 546 261 una
559 250 583 261 rea

208 271 236 286 illu
246 275 278 287 non
288 273 312 286 est
322 271 385 286 realiter
395 270 426 286 alia
437 275 446 286 a
457 270 534 291 personis.

228 295 286 311 Positio
298 297 352 311 autem
365 295 433 315 Magistri
446 300 455 310 ι
469 295 517 315 Papa,
530 294 562 310 imo
574 299 584 310 a

208 320 282 339 concilio,
292 322 316 335 est
328 319 421 340 approbata,
431 321 447 335 et
459 321 511 340 potest
523 319 546 335 aie
557 319 584 334 de-

209 344 293 360 monstrari
302 349 306 360 :
314 344 344 360 Res
353 349 430 365 generans
441 346 506 365 generat
515 348 548 359 rem
556 343 584 359 ali-

208 374 256 389 quam
269 374 278 384 a
293 373 310 385 se
324 373 361 385 vere
376 369 472 389 realiterque
485 368 583 386 distinctam.

209 394 285 414 quonium
293 394 337 410 nulla
345 398 370 409 res
379 393 430 414 gignit
437 398 454 409 se
463 393 520 414 ipsam,
529 395 546 408 ut
554 393 585 408 Au-

208 418 282 439 gustinus
290 418 331 434 libro
338 418 357 434 de
365 418 441 434 Triniteto
449 420 518 433 testatur.
523 417 538 433 Si
547 422 584 438 ergo

208 443 276 459 essentia
283 445 353 464 generat,
362 443 437 458 distincta
446 444 469 458 est
480 442 543 458 realiter
550 447 560 458 a
567 447 584 458 re

611 196 638 217 qui
647 196 685 212 libri
695 197 727 213 sint
737 197 805 213 habendi
816 197 904 213 authentici
914 197 930 212 in
940 196 987 212 litu-is

611 221 701 237 Doctorum.
713 221 757 240 Quod
770 224 822 237 autem
837 221 925 237 Richardus
936 221 988 237 inten-

610 246 637 261 dat
645 246 688 266 loqui
699 248 754 262 contra
763 246 860 267 Magistrum,
868 246 932 262 videtur
938 250 957 261 ex
965 250 987 261 eo

611 271 653 291 quod
661 270 683 286 ait
691 270 706 286 in
716 270 756 286 libro
764 275 793 286 suo
803 271 823 286 de
833 270 919 286 Trinitatc·
929 275 932 286 z
940 270 986 285 Multi

611 297 714 311 surrexerunt
726 295 784 311 nostrie
797 295 901 316 temporibus,
913 295 941 315 qui
953 299 986 310 non

611 320 670 335 audent
686 320 739 335 dicere
755 319 859 335 substantiam
875 320 945 340 genitam
960 324 987 335 es-

611 349 628 360 se
641 349 645 360 2
658 344 696 363 imo,
711 344 754 365 quod
768 344 874 365 periculosius
887 346 916 363 eat,
931 346 988 359 contra

611 369 705 385 Sanctorum
720 369 830 385 auctoritatem
845 369 875 385 boe
889 369 948 384 audent
959 373 988 384 ne-

611 398 654 414 gare,
667 394 750 414 modisque
762 394 837 410 omnibus
851 395 929 409 conantur
941 392 989 409 refel-

612 419 644 434 lere
654 418 696 439 quod
707 418 796 434 substantia
804 418 858 439 gignat
868 418 972 434 substantiam
983 422 987 433 :

612 443 667 463 sicque
684 443 787 463 pertinaciter
801 445 859 463 negant
873 443 916 463 quod
931 447 988 458 omnes

208 470 283 488 generata
290 468 309 483 ad
317 468 359 483 intra
368 473 371 483 :
380 467 423 488 qnod
431 467 489 483 salsum
497 469 526 486 est,
533 471 583 487 quum
594 467 605 482 Β
612 467 665 483 Sancti
678 467 766 483 atiirmant.
775 467 794 483 Et
806 468 825 483 ad
839 467 854 483 id
867 468 910 488 quod
922 467 953 488 ipsi
965 467 989 482 di-

208 492 229 508 sit
236 492 300 513 penitus
311 492 408 510 indistincta,
416 494 431 507 et
439 491 518 512 quidquid
527 491 544 507 in
552 491 584 507 Deo

208 519 237 535 est,
250 519 274 532 eat
287 517 350 533 realiter
362 517 397 537 ipsa
409 516 464 532 divina
476 516 550 532 essentia.
561 516 583 531 Ad

209 541 250 557 idem
262 543 300 557 sunt
310 543 403 561 argumenta
415 540 484 561 Magistri
495 540 511 556 in
524 540 583 556 littera.

207 566 247 582 Nam
255 566 268 581 si
276 566 321 582 Pater
329 567 412 586 generaret
420 565 584 583 essentiam‚essentis

209 590 273 606 realiter
279 590 404 611 distingueretur
413 595 423 605 a
429 590 479 605 Patre.
488 589 532 608 item,
541 589 554 605 si
563 594 585 605 ee-

208 615 259 631 sentia
266 615 317 635 gignit
324 619 342 630 ac
349 614 424 635 gignitur,
428 619 460 630 non
467 616 491 630 est
500 619 531 630 una
538 616 554 629 et
561 618 585 629 ea-

209 640 244 655 dem
253 644 325 655 numero.
335 639 410 660 Denique,
419 639 553 659 quandocumque
561 641 584 654 est

209 664 282 680 ultimate
289 664 388 682 abatractio’,
395 665 410 679 et
419 663 521 684 praedicatum
529 668 549 679 ex
557 668 585 679 sua

209 689 270 705 ratione
279 688 360 709 praedicari
369 693 400 704 non
411 690 463 708 poteat
472 688 503 703 nisi
514 688 585 704 formali-

209 716 243 729 ter:
253 713 340 734 propositio
347 717 385 728 vera
393 717 423 728 non
432 714 461 731 est,
468 712 498 728 nisi
507 712 523 728 in
533 712 585 733 primo

209 738 256 754 modo
267 742 296 758 per
305 742 327 753 sti⁴
339 737 368 753 Sed
379 742 429 757 quum
440 737 504 755 dicitur,
513 736 585 752 Essentia

612 494 656 511 cuntv
668 492 778 508 auctoritatem
791 491 863 507 invenire
875 496 906 508 non
919 493 987 512 queunt.

612 517 645 532 imo
660 521 703 532 more
714 516 763 533 Golia
777 516 879 532 auctoritates
893 516 988 532 Sanctorum

612 541 693 557 adducunt
705 541 764 562 quibus
776 541 893 557 convincuntur
901 546 905 557 1
914 546 953 561 quas
965 543 989 556 tn⁴

613 570 649 581 rnen
657 568 739 586 exponunt
749 562 804 581 contra
814 570 877 581 sensum
887 565 988 581 Sanctorum.

612 590 670 606 Fidelis
684 590 763 611 expositio
775 592 792 606 et
803 590 846 606 omni
861 590 908 605 laude
922 590 970 610 digna
983 594 987 605 ε

613 615 651 635 quia
658 615 700 635 quod
710 615 761 630 sancti
769 614 822 630 Patres
832 615 907 633 clamant,
915 616 989 630 asserunt

613 644 647 655 esse
655 639 723 659 falsum3
731 641 747 655 et
754 639 797 660 quud
807 644 854 655 nemo
864 639 957 655 Sanctorum
965 638 989 654 ai-

613 664 673 682 i'irmnt,
681 666 754 680 asserunt
763 668 824 679 verum.
833 663 894 682 Quibus
904 663 957 679 verbis
965 663 989 679 vi-

613 689 659 704 detur
668 688 741 704 deridere
751 688 848 709 Magistrum.
854 697 874 699 —
881 688 916 704 Haec
926 688 988 704 Scetua.

633 713 709 729 Praeterea
716 713 837 731 advertendum,
846 713 888 733 quod
898 712 947 728 abbas
954 712 990 728 Ioa—

613 738 661 756 cbim,
675 737 809 758 quemadmodum
824 739 840 752 et
853 737 945 755 lticbardus.
957 737 989 753 tuit

207 764 278 783 generat,
286 762 377 782 subjeetum
385 764 409 777 est
416 761 514 777 abstractum
523 761 585 777 ultime·
594 762 605 778 C
613 764 756 782 contemporaneus
774 761 846 782 Magistro
864 761 988 781 Sententiarum,

208 790 224 803 ta
231 787 342 803 obstructione.
352 787 392 807 Ergo
399 791 475 807 generare
482 791 511 802 seu
518 791 585 806 gener-

209 812 221 828 ri
233 817 265 828 non
275 812 350 828 convenit.
361 811 381 830 ei,
390 811 428 831 quis
440 815 470 827 non
483 811 558 827 convenit
570 811 584 826 ei

208 836 302 855 formaliter,
311 840 363 857 neque
371 836 387 851 in
398 836 451 856 primo
461 835 508 851 modo
518 840 547 856 per
554 840 571 851 se
580 840 584 851 ς

208 866 239 877 non
250 861 293 877 enim
303 863 327 877 est
337 860 356 876 de
366 860 448 876 intellectu
458 860 535 875 essentias.
545 859 585 880 Ergo

208 886 236 902 illa
244 885 332 906 propositio
339 889 370 901 non
381 887 405 900 est
412 889 455 900 vera,
464 884 480 900 ln
491 884 585 900 substantiis

208 915 246 927 vero
260 912 285 926 est
299 912 361 926 tantum
376 909 461 925 abstractio
473 914 483 924 a
497 909 585 929 suppositis

209 935 278 956 propria
285 937 351 953 nsturae,
360 934 398 954 quia
408 933 497 949 substantie
508 938 540 949 non
548 938 585 949 con-

209 960 260 976 cernit
272 959 315 975 eliud
327 963 377 979 genus
391 963 395 974 t
409 958 444 974 ideo
456 958 542 974 abstractio
555 958 585 973 ista

209 984 232 1000 ibi
240 986 264 1000 eet
271 984 346 999 maxima,
354 983 394 999 ilinc
403 983 442 999 illud
450 983 473 998 sic
481 982 584 1001 abstractum,

209 1011 233 1025 est
245 1009 332 1029 ipsummet
345 1008 410 1028 praecise
422 1012 440 1023 ac
453 1009 520 1025 tantum,
530 1009 585 1027 utpote

210 1033 276 1049 cuilibet
283 1033 310 1048 alii
318 1034 417 1048 extraneum>
426 1032 469 1048 Unde
477 1032 533 1052 quinto
541 1031 586 1047 Meta·

613 791 660 807 quem
676 789 691 802 et
703 787 766 802 vocavit
781 786 873 802 haereticum
885 788 902 802 et
914 786 988 802 insenum

613 811 633 827 ob
643 816 708 827 causam
718 813 815 831 prietactam.
824 811 879 827 Postea
887 811 989 827 innocentius

613 836 669 851 tertius
678 836 694 851 in
702 835 771 856 generali
780 835 854 854 concilio,
863 835 954 856 reprobavit
961 835 989 851 ab-

613 860 666 876 batem
673 860 743 876 :oachim
753 860 769 876 in
778 860 807 876 bac
817 864 846 875 sus
854 865 903 880 prava
912 860 989 880 opinione

613 887 668 901 contra
678 885 775 905 Magistrum.
784 884 903 903 Verumtamen,
912 884 988 905 quoniam

612 909 683 925 loacliim
695 910 729 930 ipse
739 909 793 925 omnia
803 909 863 930 seript-
873 914 902 924 sua
914 909 989 924 submisit

613 934 707 950 correctioni
718 934 809 954 apostolicas
818 934 868 953 Sedis,
876 936 892 949 et
902 938 920 949 ea
930 938 989 954 prmce-

614 959 637 979 pit
649 959 714 975 domino
726 958 818 974 innocentio
830 958 876 979 Papae
890 958 937 974 lertio
948 958 988 974 mi-

612 983 658 1004 gnari
666 983 685 999 ad
695 983 817 1004 approbandum
827 987 855 998 seu
863 983 974 1003 corrigendum
983 987 987 998 t

613 1008 650 1024 hine
658 1008 699 1023 idem
707 1007 807 1023 innocentius
816 1007 867 1023 noluit
874 1007 945 1028 derogari
954 1007 989 1022 mli·

612 1032 661 1053 giosis
669 1032 731 1048 statutis
741 1032 879 1052 observantiisque
889 1031 988 1052 regularibus

211 1058 280 1079 physicas
287 1062 319 1073 sua
326 1057 382 1072 asserit
388 1056 472 1075 Avicenna,
477 1056 519 1077 quod
526 1056 586 1076 equini-
594 1057 605 1072 D
613 1061 653 1077 quas
663 1057 712 1072 abbas
724 1056 751 1072 ille
762 1057 778 1072 in
789 1061 818 1073 suo
827 1056 918 1072 observavit
927 1056 989 1072 statuit-

210 1085 234 1098 tas
241 1084 265 1098 est
272 1084 334 1097 tantum
342 1081 428 1101 equinitas,
436 1083 452 1096 et
460 1081 499 1096 nihil
508 1081 558 1096 aliud.
566 1089 586 1092 —

209 1107 250 1123 Hinc
257 1106 298 1125 dico,
307 1106 349 1127 quod
357 1106 370 1121 si
379 1105 466 1121 aichardus
474 1105 493 1121 de
500 1105 516 1121 S.
523 1105 585 1121 Victore

210 1131 279 1147 inwndit
287 1130 370 1151 repmbare
377 1130 512 1150 Magistrumsicut
519 1131 586 1150 apparet

210 1161 230 1172 ex
237 1156 291 1171 verbis
298 1155 422 1175 Richardi,nego
430 1154 526 1170 Richardum
535 1159 539 1169 1
548 1154 586 1174 quia

211 1181 227 1197 in
238 1181 267 1197 bae
275 1183 321 1201 parte
330 1180 402 1196 doctrina
409 1179 477 1200 Magistri
487 1181 511 1195 est
521 1179 587 1194 authen-

211 1206 259 1222 ticata
272 1210 300 1226 per
311 1205 385 1226 generale
397 1204 489 1220 concilium.
497 1204 586 1219 Auctoritas

211 1231 272 1251 quippe
284 1230 379 1246 universalis
390 1229 464 1245 Ecclesia
475 1229 544 1244 maxima
556 1230 585 1247 est,

211 1260 261 1276 quum
272 1255 314 1271 dicat
325 1254 423 1275 Augustinus
434 1255 488 1270 contra
499 1253 586 1274 Epistolam

211 1279 311 1296 fundamenti
318 1284 321 1295 z
329 1279 414 1299 Evangelio
421 1283 453 1294 non
461 1278 548 1297 crederem,
556 1278 586 1293 nisi

212 1304 292 1320 crederem
307 1303 381 1320 Ecclesia
394 1303 482 1319 catholicis-
495 1302 532 1321 Qum
546 1302 588 1318 sicut

211 1329 260 1344 babet
269 1328 376 1344 determinare
386 1328 414 1348 qui
425 1327 462 1343 libri
474 1327 543 1343 habendi
555 1327 588 1342 sint

614 1086 645 1102 que
657 1081 736 1097 eoenobio.
750 1081 793 1097 Unde
807 1083 823 1097 et
836 1085 880 1096 error
893 1081 943 1101 ipsius
954 1081 989 1096 loa-

613 1106 656 1122 cbim
668 1110 700 1122 non
710 1106 773 1121 videtur
783 1110 802 1121 ex
814 1105 874 1121 malitia
886 1105 987 1126 processisse.

613 1130 652 1146 Nam
660 1132 676 1145 et
686 1130 783 1145 Hubertinus
793 1130 809 1145 in
819 1130 875 1150 quinto
885 1134 914 1145 suo
921 1129 989 1145 volumi-

614 1159 634 1170 ne
641 1155 661 1170 de
669 1154 704 1170 Vita
713 1154 804 1173 Salvatoris,
813 1154 870 1170 asserit
878 1154 931 1175 ipsum
938 1154 989 1170 ruisse

613 1180 666 1195 virum
681 1179 790 1195 illuminatum
804 1181 820 1195 et
834 1181 912 1195 sonetum.
926 1179 988 1195 Eisdem

614 1204 714 1224 temporibus
722 1204 753 1219 suit
760 1206 776 1219 et.
782 1203 798 1219 8,
806 1203 901 1219 ΒωηπιῆιιεΑ
910 1203 928 1219 Et
935 1208 989 1224 quam-

614 1229 638 1244 vis
649 1228 736 1244 Richardus
747 1228 766 1244 de
777 1228 792 1244 S.
801 1228 863 1244 Victore
873 1228 953 1244 consensit
963 1228 990 1243 ab-

615 1253 647 1269 beti
663 1253 735 1269 Joacbim
749 1253 766 1268 in
783 1253 813 1269 boc
827 1254 883 1269 contra
897 1252 988 1273 Magistrum

614 1278 684 1296 Petrum,
692 1278 735 1298 quod
743 1277 783 1293 dixit
792 1277 863 1293 divinam
872 1277 957 1293 essentiam
964 1282 989 1297 ge-

615 1307 671 1318 nerare
681 1304 697 1317 et.
707 1302 757 1322 gigni,
765 1306 797 1318 non
809 1304 861 1317 temen
872 1302 888 1317 in
902 1302 938 1320 boc,
946 1302 988 1322 quod

615 1327 660 1343 Pater
667 1328 683 1342 et
690 1326 740 1342 Filius
747 1328 762 1342 et
771 1326 840 1347 Spiritus
848 1325 916 1342 Sanctus
925 1330 957 1342 non
965 1330 989 1342 es-

994 274 1063 288 ὀμειιη,

994 290 1042 304 ειμι
