<?xml version="1.0" encoding="UTF-8"?>
<!DOCTYPE html PUBLIC "-//W3C//DTD XHTML 1.0 Transitional//EN"
    "http://www.w3.org/TR/xhtml1/DTD/xhtml1-transitional.dtd">
<html xmlns="http://www.w3.org/1999/xhtml" xml:lang="en" lang="en">
 <head>
  <title>
</title>
<meta http-equiv="Content-Type" content="text/html;charset=utf-8" />
  <meta name='ocr-system' content='tesseract 3.04.00' />
  <meta name='ocr-capabilities' content='ocr_page ocr_carea ocr_par ocr_line ocrx_word'/>
</head>
<body>
  <div class='ocr_page' id='page_1' title='image "./doctorisecstati08unkngoog/doctorisecstati08unkngoog_0516.png"; bbox 0 0 1088 1569; ppageno 0'>
   <div class='ocr_carea' id='block_1_1' title="bbox 139 129 876 149">
    <p class='ocr_par' dir='ltr' id='par_1_1' title="bbox 139 129 876 149">
     <span class='ocr_line' id='line_1_1' title="bbox 139 129 876 149; baseline 0.001 -4"><span class='ocrx_word' id='word_1_1' title='bbox 139 133 215 147; x_wconf 68' lang='lat' dir='ltr'><strong>onst-ma</strong></span> <span class='ocrx_word' id='word_1_2' title='bbox 225 134 306 146; x_wconf 70' lang='lat' dir='ltr'><strong>Pttossflssm</strong></span> <span class='ocrx_word' id='word_1_3' title='bbox 316 134 383 146; x_wconf 75' lang='lat' dir='ltr'><strong>srtnt&#39;rtvs</strong></span> <span class='ocrx_word' id='word_1_4' title='bbox 394 133 447 145; x_wconf 64' lang='lat' dir='ltr'><strong>sarto-rt</strong></span> <span class='ocrx_word' id='word_1_5' title='bbox 458 134 468 145; x_wconf 82' lang='grc' dir='ltr'><strong>Α</strong></span> <span class='ocrx_word' id='word_1_6' title='bbox 479 134 585 145; x_wconf 66' lang='lat' dir='ltr'><strong>(tenenat-totta</strong></span> <span class='ocrx_word' id='word_1_7' title='bbox 595 134 660 146; x_wconf 74' lang='lat' dir='ltr'><strong>maru</strong></span> <span class='ocrx_word' id='word_1_8' title='bbox 670 134 750 146; x_wconf 70' lang='lat' dir='ltr'><strong>mermes-A</strong></span> <span class='ocrx_word' id='word_1_9' title='bbox 761 134 789 149; x_wconf 69' lang='lat' dir='ltr'><strong>st’t‘,</strong></span> <span class='ocrx_word' id='word_1_10' title='bbox 797 134 830 146; x_wconf 54' lang='lat' dir='ltr'><strong>uc&gt;</strong></span> <span class='ocrx_word' id='word_1_11' title='bbox 846 129 876 145; x_wconf 64' lang='lat'><strong>499</strong></span> 
     </span>
    </p>
   </div>
   <div class='ocr_carea' id='block_1_2' title="bbox 97 175 874 193">
    <p class='ocr_par' dir='ltr' id='par_1_2' title="bbox 97 175 874 193">
     <span class='ocr_line' id='line_1_2' title="bbox 97 175 874 193; baseline 0.001 -2"><span class='ocrx_word' id='word_1_12' title='bbox 97 175 114 191; x_wconf 87' lang='lat' dir='ltr'><strong>in</strong></span> <span class='ocrx_word' id='word_1_13' title='bbox 126 175 247 192; x_wconf 64' lang='lat' dir='ltr'>alterationibus</span> <span class='ocrx_word' id='word_1_14' title='bbox 259 179 274 192; x_wconf 82' lang='lat' dir='ltr'><strong>et</strong></span> <span class='ocrx_word' id='word_1_15' title='bbox 287 177 357 192; x_wconf 86' lang='lat' dir='ltr'><strong>motibus</strong></span> <span class='ocrx_word' id='word_1_16' title='bbox 368 176 428 192; x_wconf 82' lang='lat' dir='ltr'><strong>directe</strong></span> <span class='ocrx_word' id='word_1_17' title='bbox 441 176 494 192; x_wconf 78' lang='lat' dir='ltr'><strong>ten-A</strong></span> <span class='ocrx_word' id='word_1_18' title='bbox 502 176 591 192; x_wconf 81' lang='lat' dir='ltr'><strong>rationibus</strong></span> <span class='ocrx_word' id='word_1_19' title='bbox 602 176 622 192; x_wconf 89' lang='lat' dir='ltr'><strong>sit</strong></span> <span class='ocrx_word' id='word_1_20' title='bbox 634 181 682 192; x_wconf 75' lang='lat' dir='ltr'><strong>eausa</strong></span> <span class='ocrx_word' id='word_1_21' title='bbox 693 177 800 193; x_wconf 85' lang='lat' dir='ltr'><strong>distinctionis</strong></span> <span class='ocrx_word' id='word_1_22' title='bbox 812 177 858 192; x_wconf 84' lang='lat' dir='ltr'><strong>realis</strong></span> <span class='ocrx_word' id='word_1_23' title='bbox 871 181 874 192; x_wconf 95' lang='lat'>:</span> 
     </span>
    </p>
   </div>
   <div class='ocr_carea' id='block_1_3' title="bbox 95 200 474 467">
    <p class='ocr_par' dir='ltr' id='par_1_3' title="bbox 95 200 474 467">
     <span class='ocr_line' id='line_1_3' title="bbox 96 200 473 220; baseline 0.003 -5"><span class='ocrx_word' id='word_1_24' title='bbox 96 200 172 216; x_wconf 73' lang='lat' dir='ltr'>dentibus</span> <span class='ocrx_word' id='word_1_25' title='bbox 184 201 205 216; x_wconf 82' lang='lat' dir='ltr'><strong>ad</strong></span> <span class='ocrx_word' id='word_1_26' title='bbox 218 201 277 217; x_wconf 75' lang='lat' dir='ltr'><strong>fortnas</strong></span> <span class='ocrx_word' id='word_1_27' title='bbox 289 201 400 220; x_wconf 77' lang='lat' dir='ltr'><strong>accidentales,</strong></span> <span class='ocrx_word' id='word_1_28' title='bbox 409 201 473 217; x_wconf 78' lang='lat' dir='ltr'>termini</span> 
     </span>
     <span class='ocr_line' id='line_1_4' title="bbox 95 224 473 246; baseline 0 -5"><span class='ocrx_word' id='word_1_29' title='bbox 95 224 116 240; x_wconf 73' lang='lat' dir='ltr'><strong>ad</strong></span> <span class='ocrx_word' id='word_1_30' title='bbox 129 229 177 245; x_wconf 81' lang='lat' dir='ltr'><strong>quem</strong></span> <span class='ocrx_word' id='word_1_31' title='bbox 190 226 222 241; x_wconf 87' lang='lat' dir='ltr'><strong>sint</strong></span> <span class='ocrx_word' id='word_1_32' title='bbox 234 230 266 241; x_wconf 85' lang='lat' dir='ltr'><strong>non</strong></span> <span class='ocrx_word' id='word_1_33' title='bbox 278 226 367 246; x_wconf 80' lang='lat' dir='ltr'><strong>supposita,</strong></span> <span class='ocrx_word' id='word_1_34' title='bbox 380 226 407 241; x_wconf 85' lang='lat' dir='ltr'><strong>sed</strong></span> <span class='ocrx_word' id='word_1_35' title='bbox 420 225 473 246; x_wconf 81' lang='lat' dir='ltr'><strong>potius</strong></span> 
     </span>
     <span class='ocr_line' id='line_1_5' title="bbox 96 248 474 271; baseline 0.005 -7"><span class='ocrx_word' id='word_1_36' title='bbox 96 248 152 265; x_wconf 74' lang='lat' dir='ltr'><strong>formae</strong></span> <span class='ocrx_word' id='word_1_37' title='bbox 165 250 267 270; x_wconf 80' lang='lat' dir='ltr'><strong>hujusmodi;</strong></span> <span class='ocrx_word' id='word_1_38' title='bbox 280 251 296 266; x_wconf 92' lang='lat' dir='ltr'><strong>in</strong></span> <span class='ocrx_word' id='word_1_39' title='bbox 308 250 438 271; x_wconf 73' lang='lat' dir='ltr'>generationibus</span> <span class='ocrx_word' id='word_1_40' title='bbox 451 252 474 266; x_wconf 75' lang='lat' dir='ltr'><strong>ta-</strong></span> 
     </span>
     <span class='ocr_line' id='line_1_6' title="bbox 96 275 473 295; baseline 0.003 -6"><span class='ocrx_word' id='word_1_41' title='bbox 96 278 134 289; x_wconf 84' lang='lat' dir='ltr'><strong>mea</strong></span> <span class='ocrx_word' id='word_1_42' title='bbox 142 275 207 295; x_wconf 77' lang='lat' dir='ltr'>proprie</span> <span class='ocrx_word' id='word_1_43' title='bbox 214 275 267 293; x_wconf 79' lang='lat' dir='ltr'><strong>dictis,</strong></span> <span class='ocrx_word' id='word_1_44' title='bbox 276 279 311 295; x_wconf 68' lang='lat' dir='ltr'><strong>qun</strong></span> <span class='ocrx_word' id='word_1_45' title='bbox 320 279 351 291; x_wconf 90' lang='lat' dir='ltr'><strong>non</strong></span> <span class='ocrx_word' id='word_1_46' title='bbox 360 275 392 290; x_wconf 86' lang='lat' dir='ltr'><strong>nisi</strong></span> <span class='ocrx_word' id='word_1_47' title='bbox 400 275 473 290; x_wconf 80' lang='lat' dir='ltr'><strong>substan-</strong></span> 
     </span>
     <span class='ocr_line' id='line_1_7' title="bbox 96 298 472 318; baseline 0.005 -5"><span class='ocrx_word' id='word_1_48' title='bbox 96 298 123 314; x_wconf 78' lang='lat' dir='ltr'><strong>tiis</strong></span> <span class='ocrx_word' id='word_1_49' title='bbox 130 299 170 318; x_wconf 90' lang='lat' dir='ltr'><strong>(imo</strong></span> <span class='ocrx_word' id='word_1_50' title='bbox 177 299 271 315; x_wconf 70' lang='lat' dir='ltr'><strong>substantiis</strong></span> <span class='ocrx_word' id='word_1_51' title='bbox 280 299 362 318; x_wconf 86' lang='lat' dir='ltr'><strong>animatis)</strong></span> <span class='ocrx_word' id='word_1_52' title='bbox 369 299 472 317; x_wconf 79' lang='lat' dir='ltr'><strong>eonveniunt.</strong></span> 
     </span>
     <span class='ocr_line' id='line_1_8' title="bbox 96 323 473 344; baseline 0.003 -6"><span class='ocrx_word' id='word_1_53' title='bbox 96 323 160 339; x_wconf 67' lang='lat' dir='ltr'><strong>termini</strong></span> <span class='ocrx_word' id='word_1_54' title='bbox 169 324 189 339; x_wconf 91' lang='lat' dir='ltr'><strong>ad</strong></span> <span class='ocrx_word' id='word_1_55' title='bbox 197 329 245 344; x_wconf 89' lang='lat' dir='ltr'><strong>quem</strong></span> <span class='ocrx_word' id='word_1_56' title='bbox 255 328 287 340; x_wconf 82' lang='lat' dir='ltr'><strong>non</strong></span> <span class='ocrx_word' id='word_1_57' title='bbox 297 326 335 339; x_wconf 75' lang='lat' dir='ltr'><strong>sunt</strong></span> <span class='ocrx_word' id='word_1_58' title='bbox 345 324 409 344; x_wconf 78' lang='lat' dir='ltr'>proprie</span> <span class='ocrx_word' id='word_1_59' title='bbox 418 324 473 339; x_wconf 64' lang='lat' dir='ltr'><strong>formas</strong></span> 
     </span>
     <span class='ocr_line' id='line_1_9' title="bbox 96 347 472 369; baseline 0.003 -6"><span class='ocrx_word' id='word_1_60' title='bbox 96 347 215 366; x_wconf 74' lang='lat' dir='ltr'><strong>substantiales,</strong></span> <span class='ocrx_word' id='word_1_61' title='bbox 230 349 257 364; x_wconf 78' lang='lat' dir='ltr'><strong>sed</strong></span> <span class='ocrx_word' id='word_1_62' title='bbox 273 349 307 369; x_wconf 81' lang='lat' dir='ltr'><strong>ipsa</strong></span> <span class='ocrx_word' id='word_1_63' title='bbox 322 349 410 369; x_wconf 89' lang='lat' dir='ltr'><strong>composita</strong></span> <span class='ocrx_word' id='word_1_64' title='bbox 424 351 472 368; x_wconf 77' lang='lat' dir='ltr'><strong>atque</strong></span> 
     </span>
     <span class='ocr_line' id='line_1_10' title="bbox 96 373 471 394; baseline 0.005 -7"><span class='ocrx_word' id='word_1_65' title='bbox 96 373 185 393; x_wconf 72' lang='lat' dir='ltr'><strong>supposita,</strong></span> <span class='ocrx_word' id='word_1_66' title='bbox 192 375 209 388; x_wconf 89' lang='lat' dir='ltr'><strong>ut</strong></span> <span class='ocrx_word' id='word_1_67' title='bbox 217 373 301 389; x_wconf 84' lang='lat' dir='ltr'><strong>manifeste</strong></span> <span class='ocrx_word' id='word_1_68' title='bbox 309 373 355 389; x_wconf 79' lang='lat' dir='ltr'><strong>docet</strong></span> <span class='ocrx_word' id='word_1_69' title='bbox 362 373 471 394; x_wconf 72' lang='lat' dir='ltr'>Philosophus.</span> 
     </span>
     <span class='ocr_line' id='line_1_11' title="bbox 97 397 473 418; baseline 0 -5"><span class='ocrx_word' id='word_1_70' title='bbox 97 397 133 413; x_wconf 76' lang='lat' dir='ltr'><strong>ideo</strong></span> <span class='ocrx_word' id='word_1_71' title='bbox 141 397 157 413; x_wconf 84' lang='lat' dir='ltr'><strong>in</strong></span> <span class='ocrx_word' id='word_1_72' title='bbox 165 398 225 413; x_wconf 71' lang='lat' dir='ltr'><strong>divinis</strong></span> <span class='ocrx_word' id='word_1_73' title='bbox 231 398 318 418; x_wconf 83' lang='lat' dir='ltr'><strong>generatio,</strong></span> <span class='ocrx_word' id='word_1_74' title='bbox 327 403 362 418; x_wconf 77' lang='lat' dir='ltr'><strong>quas</strong></span> <span class='ocrx_word' id='word_1_75' title='bbox 370 400 394 413; x_wconf 73' lang='lat' dir='ltr'><strong>eat</strong></span> <span class='ocrx_word' id='word_1_76' title='bbox 401 398 473 413; x_wconf 83' lang='lat' dir='ltr'><strong>snbstan-</strong></span> 
     </span>
     <span class='ocr_line' id='line_1_12' title="bbox 97 421 473 443; baseline 0.003 -6"><span class='ocrx_word' id='word_1_77' title='bbox 97 421 144 440; x_wconf 88' lang='lat' dir='ltr'><strong>tialis,</strong></span> <span class='ocrx_word' id='word_1_78' title='bbox 158 422 191 438; x_wconf 94' lang='lat' dir='ltr'><strong>imo</strong></span> <span class='ocrx_word' id='word_1_79' title='bbox 203 423 261 443; x_wconf 84' lang='lat' dir='ltr'><strong>potius,</strong></span> <span class='ocrx_word' id='word_1_80' title='bbox 272 422 318 442; x_wconf 79' lang='lat' dir='ltr'><strong>juxta</strong></span> <span class='ocrx_word' id='word_1_81' title='bbox 330 423 402 438; x_wconf 83' lang='lat' dir='ltr'><strong>divinum</strong></span> <span class='ocrx_word' id='word_1_82' title='bbox 416 422 473 443; x_wconf 81' lang='lat' dir='ltr'><strong>Diony-</strong></span> 
     </span>
     <span class='ocr_line' id='line_1_13' title="bbox 96 446 472 467; baseline 0.003 -6"><span class='ocrx_word' id='word_1_83' title='bbox 96 446 144 464; x_wconf 83' lang='lat' dir='ltr'><strong>sium,</strong></span> <span class='ocrx_word' id='word_1_84' title='bbox 154 446 318 467; x_wconf 66' lang='lat' dir='ltr'><strong>supersubstantialis,</strong></span> <span class='ocrx_word' id='word_1_85' title='bbox 329 449 344 462; x_wconf 93' lang='lat' dir='ltr'><strong>et</strong></span> <span class='ocrx_word' id='word_1_86' title='bbox 356 447 428 467; x_wconf 73' lang='lat' dir='ltr'><strong>spiratio,</strong></span> <span class='ocrx_word' id='word_1_87' title='bbox 436 452 472 467; x_wconf 76' lang='lat' dir='ltr'><strong>qnae</strong></span> 
     </span>
    </p>
   </div>
   <div class='ocr_carea' id='block_1_4' title="bbox 499 201 876 468">
    <p class='ocr_par' dir='ltr' id='par_1_4' title="bbox 499 201 876 468">
     <span class='ocr_line' id='line_1_14' title="bbox 501 201 876 222; baseline 0.003 -6"><span class='ocrx_word' id='word_1_88' title='bbox 501 201 538 221; x_wconf 88' lang='lat' dir='ltr'><strong>quia</strong></span> <span class='ocrx_word' id='word_1_89' title='bbox 547 205 575 217; x_wconf 84' lang='lat' dir='ltr'><strong>ens</strong></span> <span class='ocrx_word' id='word_1_90' title='bbox 583 201 649 217; x_wconf 86' lang='lat' dir='ltr'><strong>rationis</strong></span> <span class='ocrx_word' id='word_1_91' title='bbox 656 206 687 217; x_wconf 87' lang='lat' dir='ltr'><strong>non</strong></span> <span class='ocrx_word' id='word_1_92' title='bbox 697 201 786 217; x_wconf 88' lang='lat' dir='ltr'><strong>necessario</strong></span> <span class='ocrx_word' id='word_1_93' title='bbox 794 201 876 222; x_wconf 70' lang='lat' dir='ltr'><strong>praaexigi-</strong></span> 
     </span>
     <span class='ocr_line' id='line_1_15' title="bbox 501 226 876 245; baseline 0.003 -4"><span class='ocrx_word' id='word_1_94' title='bbox 501 227 527 241; x_wconf 83' lang='lat' dir='ltr'><strong>tur</strong></span> <span class='ocrx_word' id='word_1_95' title='bbox 534 226 633 241; x_wconf 85' lang='lat' dir='ltr'><strong>distinctioni</strong></span> <span class='ocrx_word' id='word_1_96' title='bbox 642 226 686 242; x_wconf 84' lang='lat' dir='ltr'><strong>reati.</strong></span> <span class='ocrx_word' id='word_1_97' title='bbox 695 226 776 245; x_wconf 53' lang='lat' dir='ltr'><strong>Praeterea,</strong></span> <span class='ocrx_word' id='word_1_98' title='bbox 785 226 798 242; x_wconf 92' lang='lat' dir='ltr'><strong>si</strong></span> <span class='ocrx_word' id='word_1_99' title='bbox 807 226 876 242; x_wconf 82' lang='lat' dir='ltr'><strong>essentia</strong></span> 
     </span>
     <span class='ocr_line' id='line_1_16' title="bbox 501 250 876 272; baseline 0.003 -7"><span class='ocrx_word' id='word_1_100' title='bbox 501 250 530 266; x_wconf 82' lang='lat' dir='ltr'><strong>sub</strong></span> <span class='ocrx_word' id='word_1_101' title='bbox 544 251 605 267; x_wconf 79' lang='lat' dir='ltr'><strong>ratione</strong></span> <span class='ocrx_word' id='word_1_102' title='bbox 617 251 671 271; x_wconf 84' lang='lat' dir='ltr'><strong>aliqua</strong></span> <span class='ocrx_word' id='word_1_103' title='bbox 683 251 704 267; x_wconf 83' lang='lat' dir='ltr'><strong>sit</strong></span> <span class='ocrx_word' id='word_1_104' title='bbox 716 256 763 267; x_wconf 78' lang='lat' dir='ltr'><strong>causa</strong></span> <span class='ocrx_word' id='word_1_105' title='bbox 776 256 803 267; x_wconf 85' lang='lat' dir='ltr'><strong>seu</strong></span> <span class='ocrx_word' id='word_1_106' title='bbox 817 250 876 272; x_wconf 90' lang='lat' dir='ltr'><strong>princi-</strong></span> 
     </span>
     <span class='ocr_line' id='line_1_17' title="bbox 501 275 876 296; baseline 0.003 -6"><span class='ocrx_word' id='word_1_107' title='bbox 501 275 546 295; x_wconf 88' lang='lat' dir='ltr'><strong>pium</strong></span> <span class='ocrx_word' id='word_1_108' title='bbox 557 275 625 295; x_wconf 78' lang='lat' dir='ltr'><strong>alicujus</strong></span> <span class='ocrx_word' id='word_1_109' title='bbox 636 275 745 296; x_wconf 73' lang='lat' dir='ltr'><strong>productionis</strong></span> <span class='ocrx_word' id='word_1_110' title='bbox 754 280 757 291; x_wconf 77' lang='lat'>2</span> <span class='ocrx_word' id='word_1_111' title='bbox 766 278 794 291; x_wconf 89' lang='lat' dir='ltr'><strong>aut</strong></span> <span class='ocrx_word' id='word_1_112' title='bbox 805 280 842 296; x_wconf 76' lang='lat' dir='ltr'><strong>eigo</strong></span> <span class='ocrx_word' id='word_1_113' title='bbox 853 277 876 291; x_wconf 86' lang='lat' dir='ltr'><strong>to-</strong></span> 
     </span>
     <span class='ocr_line' id='line_1_18' title="bbox 501 300 876 320; baseline 0.003 -5"><span class='ocrx_word' id='word_1_114' title='bbox 501 301 534 315; x_wconf 82' lang='lat' dir='ltr'><strong>turn</strong></span> <span class='ocrx_word' id='word_1_115' title='bbox 542 302 644 320; x_wconf 83' lang='lat' dir='ltr'><strong>aggregatum</strong></span> <span class='ocrx_word' id='word_1_116' title='bbox 652 304 671 315; x_wconf 81' lang='lat' dir='ltr'><strong>ex</strong></span> <span class='ocrx_word' id='word_1_117' title='bbox 679 300 747 316; x_wconf 71' lang='lat' dir='ltr'><strong>essentia</strong></span> <span class='ocrx_word' id='word_1_118' title='bbox 754 302 770 316; x_wconf 82' lang='lat' dir='ltr'><strong>et</strong></span> <span class='ocrx_word' id='word_1_119' title='bbox 778 300 876 318; x_wconf 65' lang='lat' dir='ltr'><strong>rstionmut</strong></span> 
     </span>
     <span class='ocr_line' id='line_1_19' title="bbox 501 324 874 343; baseline 0 -3"><span class='ocrx_word' id='word_1_120' title='bbox 501 324 527 339; x_wconf 82' lang='lat' dir='ltr'><strong>illa</strong></span> <span class='ocrx_word' id='word_1_121' title='bbox 536 325 576 340; x_wconf 85' lang='lat' dir='ltr'><strong>ratio</strong></span> <span class='ocrx_word' id='word_1_122' title='bbox 584 326 684 343; x_wconf 83' lang='lat' dir='ltr'><strong>tanturn,aut</strong></span> <span class='ocrx_word' id='word_1_123' title='bbox 692 325 760 340; x_wconf 84' lang='lat' dir='ltr'><strong>essentia</strong></span> <span class='ocrx_word' id='word_1_124' title='bbox 767 327 834 340; x_wconf 77' lang='lat' dir='ltr'><strong>tantum.</strong></span> <span class='ocrx_word' id='word_1_125' title='bbox 840 324 874 340; x_wconf 89' lang='lat' dir='ltr'><strong>Non</strong></span> 
     </span>
     <span class='ocr_line' id='line_1_20' title="bbox 500 349 875 370; baseline 0.003 -6"><span class='ocrx_word' id='word_1_126' title='bbox 500 350 550 364; x_wconf 84' lang='lat' dir='ltr'><strong>totum</strong></span> <span class='ocrx_word' id='word_1_127' title='bbox 560 349 599 364; x_wconf 75' lang='lat' dir='ltr'><strong>illud</strong></span> <span class='ocrx_word' id='word_1_128' title='bbox 607 351 714 369; x_wconf 74' lang='lat' dir='ltr'><strong>aggregatum,</strong></span> <span class='ocrx_word' id='word_1_129' title='bbox 723 354 772 370; x_wconf 87' lang='lat' dir='ltr'><strong>quum</strong></span> <span class='ocrx_word' id='word_1_130' title='bbox 783 349 804 365; x_wconf 84' lang='lat' dir='ltr'><strong>sit</strong></span> <span class='ocrx_word' id='word_1_131' title='bbox 810 353 839 365; x_wconf 79' lang='lat' dir='ltr'><strong>ens</strong></span> <span class='ocrx_word' id='word_1_132' title='bbox 847 353 875 369; x_wconf 67' lang='lat' dir='ltr'><strong>pot*</strong></span> 
     </span>
     <span class='ocr_line' id='line_1_21' title="bbox 500 373 875 394; baseline 0 -5"><span class='ocrx_word' id='word_1_133' title='bbox 500 373 574 389; x_wconf 76' lang='lat' dir='ltr'><strong>accidens</strong></span> <span class='ocrx_word' id='word_1_134' title='bbox 587 378 590 389; x_wconf 73' lang='grc' dir='ltr'><strong><em>ε</em></strong></span> <span class='ocrx_word' id='word_1_135' title='bbox 604 374 645 394; x_wconf 75' lang='lat' dir='ltr'><strong>quod</strong></span> <span class='ocrx_word' id='word_1_136' title='bbox 662 378 693 389; x_wconf 90' lang='lat' dir='ltr'><strong>non</strong></span> <span class='ocrx_word' id='word_1_137' title='bbox 706 375 757 394; x_wconf 81' lang='lat' dir='ltr'><strong>potest</strong></span> <span class='ocrx_word' id='word_1_138' title='bbox 769 378 804 389; x_wconf 85' lang='lat' dir='ltr'><strong>esse</strong></span> <span class='ocrx_word' id='word_1_139' title='bbox 816 374 875 394; x_wconf 83' lang='lat' dir='ltr'><strong>princi-</strong></span> 
     </span>
     <span class='ocr_line' id='line_1_22' title="bbox 500 398 875 419; baseline 0.003 -6"><span class='ocrx_word' id='word_1_140' title='bbox 500 398 545 418; x_wconf 92' lang='lat' dir='ltr'><strong>pium</strong></span> <span class='ocrx_word' id='word_1_141' title='bbox 558 398 667 418; x_wconf 76' lang='lat' dir='ltr'>productionis</span> <span class='ocrx_word' id='word_1_142' title='bbox 680 398 695 414; x_wconf 90' lang='lat' dir='ltr'><strong>in</strong></span> <span class='ocrx_word' id='word_1_143' title='bbox 708 398 772 416; x_wconf 84' lang='lat' dir='ltr'><strong>divinis,</strong></span> <span class='ocrx_word' id='word_1_144' title='bbox 785 403 835 419; x_wconf 82' lang='lat' dir='ltr'><strong>quum</strong></span> <span class='ocrx_word' id='word_1_145' title='bbox 848 398 875 414; x_wconf 84' lang='lat' dir='ltr'><strong>illa</strong></span> 
     </span>
     <span class='ocr_line' id='line_1_23' title="bbox 499 422 875 444; baseline 0 -6"><span class='ocrx_word' id='word_1_146' title='bbox 499 422 520 438; x_wconf 89' lang='lat' dir='ltr'><strong>sit</strong></span> <span class='ocrx_word' id='word_1_147' title='bbox 533 423 584 443; x_wconf 86' lang='lat' dir='ltr'><strong>prima</strong></span> <span class='ocrx_word' id='word_1_148' title='bbox 594 427 613 438; x_wconf 88' lang='lat' dir='ltr'><strong>ac</strong></span> <span class='ocrx_word' id='word_1_149' title='bbox 623 423 748 443; x_wconf 78' lang='lat' dir='ltr'><strong>simplicissima,</strong></span> <span class='ocrx_word' id='word_1_150' title='bbox 757 425 822 444; x_wconf 88' lang='lat' dir='ltr'><strong>propter</strong></span> <span class='ocrx_word' id='word_1_151' title='bbox 833 423 875 443; x_wconf 80' lang='lat' dir='ltr'><strong>quod</strong></span> 
     </span>
     <span class='ocr_line' id='line_1_24' title="bbox 500 447 876 468; baseline 0.003 -6"><span class='ocrx_word' id='word_1_152' title='bbox 500 447 637 468; x_wconf 81' lang='lat' dir='ltr'><strong>simplicissimum</strong></span> <span class='ocrx_word' id='word_1_153' title='bbox 646 447 693 463; x_wconf 81' lang='lat' dir='ltr'><strong>ltabet</strong></span> <span class='ocrx_word' id='word_1_154' title='bbox 701 448 805 468; x_wconf 83' lang='lat' dir='ltr'><strong>principium.</strong></span> <span class='ocrx_word' id='word_1_155' title='bbox 813 447 845 463; x_wconf 84' lang='lat' dir='ltr'><strong>Nec</strong></span> <span class='ocrx_word' id='word_1_156' title='bbox 853 452 876 463; x_wconf 86' lang='lat' dir='ltr'><strong>ra-</strong></span> 
     </span>
    </p>
   </div>
   <div class='ocr_carea' id='block_1_5' title="bbox 95 471 876 492">
    <p class='ocr_par' dir='ltr' id='par_1_5' title="bbox 95 471 876 492">
     <span class='ocr_line' id='line_1_25' title="bbox 95 471 876 492; baseline 0.001 -6"><span class='ocrx_word' id='word_1_157' title='bbox 95 475 198 491; x_wconf 82' lang='lat' dir='ltr'><strong>nequaquam</strong></span> <span class='ocrx_word' id='word_1_158' title='bbox 206 473 230 487; x_wconf 85' lang='lat' dir='ltr'><strong>est</strong></span> <span class='ocrx_word' id='word_1_159' title='bbox 237 471 345 490; x_wconf 79' lang='lat' dir='ltr'><strong>accidentalis,</strong></span> <span class='ocrx_word' id='word_1_160' title='bbox 353 472 380 487; x_wconf 86' lang='lat' dir='ltr'><strong>sed</strong></span> <span class='ocrx_word' id='word_1_161' title='bbox 390 472 410 487; x_wconf 86' lang='lat' dir='ltr'><strong>ad</strong></span> <span class='ocrx_word' id='word_1_162' title='bbox 418 476 471 488; x_wconf 82' lang='lat' dir='ltr'><strong>veram</strong></span> <span class='ocrx_word' id='word_1_163' title='bbox 481 472 493 487; x_wconf 84' lang='lat' dir='ltr'>B</span> <span class='ocrx_word' id='word_1_164' title='bbox 501 472 522 487; x_wconf 87' lang='lat' dir='ltr'><strong>tio</strong></span> <span class='ocrx_word' id='word_1_165' title='bbox 529 474 597 491; x_wconf 85' lang='lat' dir='ltr'><strong>tantum,</strong></span> <span class='ocrx_word' id='word_1_166' title='bbox 606 476 655 492; x_wconf 79' lang='lat' dir='ltr'><strong>quum</strong></span> <span class='ocrx_word' id='word_1_167' title='bbox 665 472 704 488; x_wconf 77' lang='lat' dir='ltr'><strong>ratio</strong></span> <span class='ocrx_word' id='word_1_168' title='bbox 712 472 740 487; x_wconf 82' lang='lat' dir='ltr'><strong>illa</strong></span> <span class='ocrx_word' id='word_1_169' title='bbox 747 472 767 487; x_wconf 83' lang='lat' dir='ltr'><strong>sit</strong></span> <span class='ocrx_word' id='word_1_170' title='bbox 775 474 839 488; x_wconf 69' lang='lat' dir='ltr'><strong>causat:</strong></span> <span class='ocrx_word' id='word_1_171' title='bbox 846 476 876 492; x_wconf 89' lang='lat' dir='ltr'><strong>per</strong></span> 
     </span>
    </p>
   </div>
   <div class='ocr_carea' id='block_1_6' title="bbox 94 496 472 763">
    <p class='ocr_par' dir='ltr' id='par_1_6' title="bbox 94 496 472 763">
     <span class='ocr_line' id='line_1_26' title="bbox 94 496 472 517; baseline 0.005 -7"><span class='ocrx_word' id='word_1_172' title='bbox 94 497 110 510; x_wconf 84' lang='lat' dir='ltr'><strong>et</strong></span> <span class='ocrx_word' id='word_1_173' title='bbox 122 496 293 516; x_wconf 70' lang='lat' dir='ltr'><strong>supersubstantialem</strong></span> <span class='ocrx_word' id='word_1_174' title='bbox 309 496 404 512; x_wconf 71' lang='lat' dir='ltr'><strong>terminatur</strong></span> <span class='ocrx_word' id='word_1_175' title='bbox 419 501 472 517; x_wconf 82' lang='lat' dir='ltr'><strong>perso-</strong></span> 
     </span>
     <span class='ocr_line' id='line_1_27' title="bbox 94 521 471 542; baseline 0.005 -7"><span class='ocrx_word' id='word_1_176' title='bbox 94 525 137 539; x_wconf 85' lang='lat' dir='ltr'><strong>nam,</strong></span> <span class='ocrx_word' id='word_1_177' title='bbox 147 522 214 541; x_wconf 84' lang='lat' dir='ltr'><strong>possunt</strong></span> <span class='ocrx_word' id='word_1_178' title='bbox 224 525 256 537; x_wconf 88' lang='lat' dir='ltr'><strong>uno</strong></span> <span class='ocrx_word' id='word_1_179' title='bbox 268 525 287 536; x_wconf 84' lang='lat' dir='ltr'><strong>ac</strong></span> <span class='ocrx_word' id='word_1_180' title='bbox 297 525 327 537; x_wconf 89' lang='lat' dir='ltr'><strong>suo</strong></span> <span class='ocrx_word' id='word_1_181' title='bbox 338 521 385 537; x_wconf 87' lang='lat' dir='ltr'><strong>modo</strong></span> <span class='ocrx_word' id='word_1_182' title='bbox 395 521 471 542; x_wconf 79' lang='lat' dir='ltr'><strong>distingui</strong></span> 
     </span>
     <span class='ocr_line' id='line_1_28' title="bbox 95 545 472 566; baseline 0.003 -6"><span class='ocrx_word' id='word_1_183' title='bbox 95 549 145 565; x_wconf 50' lang='lat' dir='ltr'><strong>penes</strong></span> <span class='ocrx_word' id='word_1_184' title='bbox 156 545 233 561; x_wconf 82' lang='lat' dir='ltr'><strong>terminos</strong></span> <span class='ocrx_word' id='word_1_185' title='bbox 243 545 263 561; x_wconf 85' lang='lat' dir='ltr'><strong>ad</strong></span> <span class='ocrx_word' id='word_1_186' title='bbox 275 549 329 566; x_wconf 77' lang='lat' dir='ltr'><strong>quem.</strong></span> <span class='ocrx_word' id='word_1_187' title='bbox 337 545 369 561; x_wconf 84' lang='lat' dir='ltr'><strong>Nec</strong></span> <span class='ocrx_word' id='word_1_188' title='bbox 380 550 436 561; x_wconf 86' lang='lat' dir='ltr'><strong>verum</strong></span> <span class='ocrx_word' id='word_1_189' title='bbox 448 548 472 561; x_wconf 86' lang='lat' dir='ltr'><strong>est</strong></span> 
     </span>
     <span class='ocr_line' id='line_1_29' title="bbox 94 569 471 590; baseline 0 -5"><span class='ocrx_word' id='word_1_190' title='bbox 94 570 138 590; x_wconf 76' lang='lat' dir='ltr'><strong>quod</strong></span> <span class='ocrx_word' id='word_1_191' title='bbox 146 569 201 586; x_wconf 81' lang='lat' dir='ltr'><strong>divina</strong></span> <span class='ocrx_word' id='word_1_192' title='bbox 209 570 277 585; x_wconf 78' lang='lat' dir='ltr'><strong>essentia</strong></span> <span class='ocrx_word' id='word_1_193' title='bbox 284 570 305 586; x_wconf 80' lang='lat' dir='ltr'><strong>sit</strong></span> <span class='ocrx_word' id='word_1_194' title='bbox 312 570 390 586; x_wconf 83' lang='lat' dir='ltr'><strong>terminus</strong></span> <span class='ocrx_word' id='word_1_195' title='bbox 397 570 416 585; x_wconf 87' lang='lat' dir='ltr'><strong>ad</strong></span> <span class='ocrx_word' id='word_1_196' title='bbox 425 575 471 590; x_wconf 80' lang='lat' dir='ltr'><strong>quem</strong></span> 
     </span>
     <span class='ocr_line' id='line_1_30' title="bbox 94 594 472 615; baseline 0 -5"><span class='ocrx_word' id='word_1_197' title='bbox 94 594 154 610; x_wconf 68' lang='lat' dir='ltr'><strong>divina</strong></span> <span class='ocrx_word' id='word_1_198' title='bbox 161 595 269 615; x_wconf 72' lang='lat' dir='ltr'><strong>generationis</strong></span> <span class='ocrx_word' id='word_1_199' title='bbox 276 597 324 615; x_wconf 82' lang='lat' dir='ltr'><strong>atque</strong></span> <span class='ocrx_word' id='word_1_200' title='bbox 332 595 430 615; x_wconf 73' lang='lat' dir='ltr'><strong>spirationis,</strong></span> <span class='ocrx_word' id='word_1_201' title='bbox 435 600 472 615; x_wconf 84' lang='lat' dir='ltr'><strong>qua-</strong></span> 
     </span>
     <span class='ocr_line' id='line_1_31' title="bbox 94 619 471 640; baseline 0.003 -6"><span class='ocrx_word' id='word_1_202' title='bbox 94 619 108 634; x_wconf 89' lang='lat' dir='ltr'><strong>si</strong></span> <span class='ocrx_word' id='word_1_203' title='bbox 122 619 157 639; x_wconf 89' lang='lat' dir='ltr'><strong>ipsa</strong></span> <span class='ocrx_word' id='word_1_204' title='bbox 168 621 254 639; x_wconf 75' lang='lat' dir='ltr'><strong>generetur</strong></span> <span class='ocrx_word' id='word_1_205' title='bbox 266 619 300 635; x_wconf 86' lang='lat' dir='ltr'><strong>sive</strong></span> <span class='ocrx_word' id='word_1_206' title='bbox 311 619 387 640; x_wconf 81' lang='lat' dir='ltr'><strong>spiretur,</strong></span> <span class='ocrx_word' id='word_1_207' title='bbox 398 620 471 640; x_wconf 88' lang='lat' dir='ltr'><strong>quamvis</strong></span> 
     </span>
     <span class='ocr_line' id='line_1_32' title="bbox 95 644 472 664; baseline 0 -5"><span class='ocrx_word' id='word_1_208' title='bbox 95 648 124 664; x_wconf 78' lang='lat' dir='ltr'><strong>per</strong></span> <span class='ocrx_word' id='word_1_209' title='bbox 133 644 252 664; x_wconf 71' lang='lat' dir='ltr'><strong>generationem</strong></span> <span class='ocrx_word' id='word_1_210' title='bbox 263 646 279 659; x_wconf 88' lang='lat' dir='ltr'><strong>et</strong></span> <span class='ocrx_word' id='word_1_211' title='bbox 288 644 392 664; x_wconf 67' lang='lat' dir='ltr'><strong>spirationem</strong></span> <span class='ocrx_word' id='word_1_212' title='bbox 401 649 472 660; x_wconf 86' lang='lat' dir='ltr'><strong>commu-</strong></span> 
     </span>
     <span class='ocr_line' id='line_1_33' title="bbox 95 668 471 687; baseline 0.003 -4"><span class='ocrx_word' id='word_1_213' title='bbox 95 668 163 684; x_wconf 77' lang='lat' dir='ltr'><strong>nicetur.</strong></span> <span class='ocrx_word' id='word_1_214' title='bbox 172 668 242 687; x_wconf 79' lang='lat' dir='ltr'><strong>Qualiter</strong></span> <span class='ocrx_word' id='word_1_215' title='bbox 249 671 302 684; x_wconf 80' lang='lat' dir='ltr'><strong>autem</strong></span> <span class='ocrx_word' id='word_1_216' title='bbox 313 673 347 684; x_wconf 80' lang='lat' dir='ltr'><strong>esse</strong></span> <span class='ocrx_word' id='word_1_217' title='bbox 358 669 444 684; x_wconf 73' lang='lat' dir='ltr'><strong>terminum</strong></span> <span class='ocrx_word' id='word_1_218' title='bbox 452 669 471 684; x_wconf 78' lang='lat' dir='ltr'><strong>ad</strong></span> 
     </span>
     <span class='ocr_line' id='line_1_34' title="bbox 95 693 471 713; baseline 0.003 -5"><span class='ocrx_word' id='word_1_219' title='bbox 95 697 143 713; x_wconf 75' lang='lat' dir='ltr'><strong>quem</strong></span> <span class='ocrx_word' id='word_1_220' title='bbox 159 693 175 708; x_wconf 91' lang='lat' dir='ltr'><strong>in</strong></span> <span class='ocrx_word' id='word_1_221' title='bbox 191 693 250 709; x_wconf 85' lang='lat' dir='ltr'><strong>divinis</strong></span> <span class='ocrx_word' id='word_1_222' title='bbox 265 693 372 709; x_wconf 77' lang='lat' dir='ltr'><strong>diversimode</strong></span> <span class='ocrx_word' id='word_1_223' title='bbox 388 693 471 709; x_wconf 77' lang='lat' dir='ltr'><strong>conveniat</strong></span> 
     </span>
     <span class='ocr_line' id='line_1_35' title="bbox 95 717 470 738; baseline 0.003 -6"><span class='ocrx_word' id='word_1_224' title='bbox 95 717 168 733; x_wconf 64' lang='lat' dir='ltr'><strong>essentis</strong></span> <span class='ocrx_word' id='word_1_225' title='bbox 178 719 193 733; x_wconf 84' lang='lat' dir='ltr'><strong>et</strong></span> <span class='ocrx_word' id='word_1_226' title='bbox 204 718 281 738; x_wconf 80' lang='lat' dir='ltr'><strong>personis,</strong></span> <span class='ocrx_word' id='word_1_227' title='bbox 289 720 326 733; x_wconf 85' lang='lat' dir='ltr'><strong>ante</strong></span> <span class='ocrx_word' id='word_1_228' title='bbox 336 720 359 733; x_wconf 87' lang='lat' dir='ltr'><strong>est</strong></span> <span class='ocrx_word' id='word_1_229' title='bbox 367 718 470 733; x_wconf 80' lang='lat' dir='ltr'><strong>declaratum.</strong></span> 
     </span>
     <span class='ocr_line' id='line_1_36' title="bbox 95 741 472 763; baseline 0.003 -6"><span class='ocrx_word' id='word_1_230' title='bbox 95 741 134 757; x_wconf 82' lang='lat' dir='ltr'><strong>Hinc</strong></span> <span class='ocrx_word' id='word_1_231' title='bbox 145 742 219 757; x_wconf 79' lang='lat' dir='ltr'><strong>Albertus</strong></span> <span class='ocrx_word' id='word_1_232' title='bbox 230 744 245 757; x_wconf 90' lang='lat' dir='ltr'><strong>et</strong></span> <span class='ocrx_word' id='word_1_233' title='bbox 256 742 338 758; x_wconf 83' lang='lat' dir='ltr'><strong>Udalricus</strong></span> <span class='ocrx_word' id='word_1_234' title='bbox 348 747 404 758; x_wconf 85' lang='lat' dir='ltr'><strong>ornnes</strong></span> <span class='ocrx_word' id='word_1_235' title='bbox 417 744 472 763; x_wconf 70' lang='lat' dir='ltr'><strong>proeta-</strong></span> 
     </span>
    </p>
   </div>
   <div class='ocr_carea' id='block_1_7' title="bbox 499 496 875 762">
    <p class='ocr_par' dir='ltr' id='par_1_7' title="bbox 499 496 875 762">
     <span class='ocr_line' id='line_1_37' title="bbox 499 496 875 517; baseline 0 -5"><span class='ocrx_word' id='word_1_236' title='bbox 499 497 608 517; x_wconf 80' lang='lat' dir='ltr'><strong>operationem</strong></span> <span class='ocrx_word' id='word_1_237' title='bbox 620 496 710 512; x_wconf 85' lang='lat' dir='ltr'><strong>intellectus</strong></span> <span class='ocrx_word' id='word_1_238' title='bbox 723 496 818 517; x_wconf 73' lang='lat' dir='ltr'><strong>negotiantis</strong></span> <span class='ocrx_word' id='word_1_239' title='bbox 832 497 875 512; x_wconf 75' lang='lat' dir='ltr'><strong>eirea</strong></span> 
     </span>
     <span class='ocr_line' id='line_1_38' title="bbox 500 521 875 542; baseline 0.003 -6"><span class='ocrx_word' id='word_1_240' title='bbox 500 526 539 539; x_wconf 89' lang='lat' dir='ltr'><strong>rem,</strong></span> <span class='ocrx_word' id='word_1_241' title='bbox 548 526 577 537; x_wconf 86' lang='lat' dir='ltr'><strong>nec</strong></span> <span class='ocrx_word' id='word_1_242' title='bbox 587 523 611 537; x_wconf 80' lang='lat' dir='ltr'><strong>est</strong></span> <span class='ocrx_word' id='word_1_243' title='bbox 621 521 710 537; x_wconf 85' lang='lat' dir='ltr'><strong>formaliter</strong></span> <span class='ocrx_word' id='word_1_244' title='bbox 720 521 790 537; x_wconf 62' lang='lat' dir='ltr'><strong>infinita,</strong></span> <span class='ocrx_word' id='word_1_245' title='bbox 799 521 839 542; x_wconf 72' lang='lat' dir='ltr'><strong>Ergo</strong></span> <span class='ocrx_word' id='word_1_246' title='bbox 851 526 875 537; x_wconf 89' lang='lat' dir='ltr'><strong>es-</strong></span> 
     </span>
     <span class='ocr_line' id='line_1_39' title="bbox 499 545 874 566; baseline 0 -5"><span class='ocrx_word' id='word_1_247' title='bbox 499 545 550 561; x_wconf 76' lang='lat' dir='ltr'><strong>sentia</strong></span> <span class='ocrx_word' id='word_1_248' title='bbox 562 547 630 561; x_wconf 71' lang='lat' dir='ltr'><strong>tantum.</strong></span> <span class='ocrx_word' id='word_1_249' title='bbox 638 554 658 557; x_wconf 76' lang='lat'>—</span> <span class='ocrx_word' id='word_1_250' title='bbox 667 545 694 561; x_wconf 79' lang='lat' dir='ltr'><strong>Est</strong></span> <span class='ocrx_word' id='word_1_251' title='bbox 706 550 743 566; x_wconf 81' lang='lat' dir='ltr'><strong>ergo</strong></span> <span class='ocrx_word' id='word_1_252' title='bbox 755 546 810 566; x_wconf 86' lang='lat' dir='ltr'><strong>opinio</strong></span> <span class='ocrx_word' id='word_1_253' title='bbox 822 546 874 565; x_wconf 70' lang='lat' dir='ltr'><strong>tertia,</strong></span> 
     </span>
     <span class='ocr_line' id='line_1_40' title="bbox 499 570 875 591; baseline 0.003 -6"><span class='ocrx_word' id='word_1_254' title='bbox 499 574 535 590; x_wconf 74' lang='lat' dir='ltr'><strong>quae</strong></span> <span class='ocrx_word' id='word_1_255' title='bbox 547 570 592 590; x_wconf 88' lang='lat' dir='ltr'><strong>ponit</strong></span> <span class='ocrx_word' id='word_1_256' title='bbox 602 570 710 586; x_wconf 72' lang='lat' dir='ltr'><strong>emanationes</strong></span> <span class='ocrx_word' id='word_1_257' title='bbox 721 570 798 591; x_wconf 75' lang='lat' dir='ltr'><strong>distingui</strong></span> <span class='ocrx_word' id='word_1_258' title='bbox 810 571 830 586; x_wconf 87' lang='lat' dir='ltr'><strong>ab</strong></span> <span class='ocrx_word' id='word_1_259' title='bbox 843 575 875 587; x_wconf 91' lang='lat' dir='ltr'><strong>uno</strong></span> 
     </span>
     <span class='ocr_line' id='line_1_41' title="bbox 500 594 873 615; baseline 0.003 -5"><span class='ocrx_word' id='word_1_260' title='bbox 500 594 580 615; x_wconf 77' lang='lat' dir='ltr'><strong>principio</strong></span> <span class='ocrx_word' id='word_1_261' title='bbox 587 595 653 610; x_wconf 88' lang='lat' dir='ltr'><strong>omnino</strong></span> <span class='ocrx_word' id='word_1_262' title='bbox 660 595 753 611; x_wconf 84' lang='lat' dir='ltr'><strong>indistincto</strong></span> <span class='ocrx_word' id='word_1_263' title='bbox 761 600 777 610; x_wconf 91' lang='lat' dir='ltr'><strong>re</strong></span> <span class='ocrx_word' id='word_1_264' title='bbox 785 597 801 610; x_wconf 85' lang='lat' dir='ltr'><strong>et</strong></span> <span class='ocrx_word' id='word_1_265' title='bbox 809 595 873 614; x_wconf 76' lang='lat' dir='ltr'><strong>ratione,</strong></span> 
     </span>
     <span class='ocr_line' id='line_1_42' title="bbox 499 619 875 640; baseline 0.003 -6"><span class='ocrx_word' id='word_1_266' title='bbox 499 619 542 639; x_wconf 85' lang='lat' dir='ltr'><strong>quod</strong></span> <span class='ocrx_word' id='word_1_267' title='bbox 550 621 574 634; x_wconf 88' lang='lat' dir='ltr'><strong>est</strong></span> <span class='ocrx_word' id='word_1_268' title='bbox 581 619 635 635; x_wconf 77' lang='lat' dir='ltr'><strong>divina</strong></span> <span class='ocrx_word' id='word_1_269' title='bbox 645 619 714 635; x_wconf 72' lang='lat' dir='ltr'><strong>essentia</strong></span> <span class='ocrx_word' id='word_1_270' title='bbox 722 624 726 635; x_wconf 76' lang='lat'>2</span> <span class='ocrx_word' id='word_1_271' title='bbox 735 624 771 640; x_wconf 76' lang='lat' dir='ltr'><strong>qum</strong></span> <span class='ocrx_word' id='word_1_272' title='bbox 777 621 802 640; x_wconf 90' lang='lat' dir='ltr'><strong>(ut</strong></span> <span class='ocrx_word' id='word_1_273' title='bbox 812 620 875 639; x_wconf 85' lang='lat' dir='ltr'><strong>dieunt)</strong></span> 
     </span>
     <span class='ocr_line' id='line_1_43' title="bbox 499 644 874 663; baseline 0.003 -4"><span class='ocrx_word' id='word_1_274' title='bbox 499 644 534 659; x_wconf 85' lang='lat' dir='ltr'><strong>sine</strong></span> <span class='ocrx_word' id='word_1_275' title='bbox 545 644 588 659; x_wconf 89' lang='lat' dir='ltr'><strong>omni</strong></span> <span class='ocrx_word' id='word_1_276' title='bbox 599 644 701 659; x_wconf 83' lang='lat' dir='ltr'><strong>distinctione</strong></span> <span class='ocrx_word' id='word_1_277' title='bbox 712 644 734 660; x_wconf 80' lang='lat' dir='ltr'><strong>roi</strong></span> <span class='ocrx_word' id='word_1_278' title='bbox 745 646 761 659; x_wconf 93' lang='lat' dir='ltr'><strong>et</strong></span> <span class='ocrx_word' id='word_1_279' title='bbox 771 644 842 663; x_wconf 85' lang='lat' dir='ltr'><strong>rationis,</strong></span> <span class='ocrx_word' id='word_1_280' title='bbox 850 646 874 660; x_wconf 88' lang='lat' dir='ltr'><strong>est</strong></span> 
     </span>
     <span class='ocr_line' id='line_1_44' title="bbox 500 668 873 688; baseline 0.003 -5"><span class='ocrx_word' id='word_1_281' title='bbox 500 668 597 688; x_wconf 77' lang='lat' dir='ltr'><strong>principium</strong></span> <span class='ocrx_word' id='word_1_282' title='bbox 613 669 703 688; x_wconf 84' lang='lat' dir='ltr'><strong>proximum</strong></span> <span class='ocrx_word' id='word_1_283' title='bbox 716 668 815 684; x_wconf 81' lang='lat' dir='ltr'><strong>diversarum</strong></span> <span class='ocrx_word' id='word_1_284' title='bbox 830 673 873 684; x_wconf 83' lang='lat' dir='ltr'><strong>ema-</strong></span> 
     </span>
     <span class='ocr_line' id='line_1_45' title="bbox 499 692 872 713; baseline 0 -5"><span class='ocrx_word' id='word_1_285' title='bbox 499 693 588 711; x_wconf 88' lang='lat' dir='ltr'><strong>nationum,</strong></span> <span class='ocrx_word' id='word_1_286' title='bbox 600 695 615 708; x_wconf 82' lang='lat' dir='ltr'><strong>et</strong></span> <span class='ocrx_word' id='word_1_287' title='bbox 628 692 657 708; x_wconf 76' lang='lat' dir='ltr'><strong>hoc</strong></span> <span class='ocrx_word' id='word_1_288' title='bbox 670 695 693 708; x_wconf 89' lang='lat' dir='ltr'><strong>cst</strong></span> <span class='ocrx_word' id='word_1_289' title='bbox 706 698 725 708; x_wconf 83' lang='lat' dir='ltr'><strong>ex</strong></span> <span class='ocrx_word' id='word_1_290' title='bbox 740 693 775 713; x_wconf 84' lang='lat' dir='ltr'><strong>ojus</strong></span> <span class='ocrx_word' id='word_1_291' title='bbox 788 693 872 709; x_wconf 83' lang='lat' dir='ltr'><strong>infinitate.</strong></span> 
     </span>
     <span class='ocr_line' id='line_1_46' title="bbox 499 717 874 735; baseline 0.003 -3"><span class='ocrx_word' id='word_1_292' title='bbox 499 717 635 735; x_wconf 83' lang='lat' dir='ltr'><strong>Quemadmodum</strong></span> <span class='ocrx_word' id='word_1_293' title='bbox 645 717 688 733; x_wconf 81' lang='lat' dir='ltr'><strong>enirn</strong></span> <span class='ocrx_word' id='word_1_294' title='bbox 699 717 711 733; x_wconf 91' lang='lat' dir='ltr'><strong>si</strong></span> <span class='ocrx_word' id='word_1_295' title='bbox 722 717 779 733; x_wconf 88' lang='lat' dir='ltr'><strong>harum</strong></span> <span class='ocrx_word' id='word_1_296' title='bbox 787 718 874 734; x_wconf 80' lang='lat' dir='ltr'><strong>emanatio-</strong></span> 
     </span>
     <span class='ocr_line' id='line_1_47' title="bbox 500 742 874 762; baseline 0.003 -5"><span class='ocrx_word' id='word_1_297' title='bbox 500 746 538 757; x_wconf 86' lang='lat' dir='ltr'><strong>num</strong></span> <span class='ocrx_word' id='word_1_298' title='bbox 548 743 600 757; x_wconf 80' lang='lat' dir='ltr'><strong>essent</strong></span> <span class='ocrx_word' id='word_1_299' title='bbox 611 742 643 757; x_wconf 85' lang='lat' dir='ltr'><strong>duo</strong></span> <span class='ocrx_word' id='word_1_300' title='bbox 654 742 734 762; x_wconf 85' lang='lat' dir='ltr'><strong>principia</strong></span> <span class='ocrx_word' id='word_1_301' title='bbox 745 742 808 757; x_wconf 72' lang='lat' dir='ltr'><strong>realiter</strong></span> <span class='ocrx_word' id='word_1_302' title='bbox 818 742 874 758; x_wconf 83' lang='lat' dir='ltr'><strong>distin—</strong></span> 
     </span>
    </p>
   </div>
   <div class='ocr_carea' id='block_1_8' title="bbox 95 766 874 787">
    <p class='ocr_par' dir='ltr' id='par_1_8' title="bbox 95 766 874 787">
     <span class='ocr_line' id='line_1_48' title="bbox 95 766 874 787; baseline 0 -5"><span class='ocrx_word' id='word_1_303' title='bbox 95 769 129 782; x_wconf 83' lang='lat' dir='ltr'><strong>ctos</strong></span> <span class='ocrx_word' id='word_1_304' title='bbox 140 767 195 782; x_wconf 82' lang='lat' dir='ltr'><strong>modos</strong></span> <span class='ocrx_word' id='word_1_305' title='bbox 206 767 269 782; x_wconf 81' lang='lat' dir='ltr'><strong>dicendi</strong></span> <span class='ocrx_word' id='word_1_306' title='bbox 282 769 298 782; x_wconf 87' lang='lat' dir='ltr'><strong>et</strong></span> <span class='ocrx_word' id='word_1_307' title='bbox 310 767 417 787; x_wconf 82' lang='lat' dir='ltr'><strong>distinguendi</strong></span> <span class='ocrx_word' id='word_1_308' title='bbox 431 767 472 782; x_wconf 89' lang='lat' dir='ltr'><strong>inter</strong></span> <span class='ocrx_word' id='word_1_309' title='bbox 481 767 529 785; x_wconf 71' lang='lat' dir='ltr'><strong>ecta,</strong></span> <span class='ocrx_word' id='word_1_310' title='bbox 540 766 562 782; x_wconf 91' lang='lat' dir='ltr'><strong>ita</strong></span> <span class='ocrx_word' id='word_1_311' title='bbox 574 766 628 782; x_wconf 86' lang='lat' dir='ltr'><strong>divina</strong></span> <span class='ocrx_word' id='word_1_312' title='bbox 640 766 709 782; x_wconf 81' lang='lat' dir='ltr'><strong>essentia</strong></span> <span class='ocrx_word' id='word_1_313' title='bbox 721 771 740 782; x_wconf 83' lang='lat' dir='ltr'><strong>ex</strong></span> <span class='ocrx_word' id='word_1_314' title='bbox 753 771 781 782; x_wconf 90' lang='lat' dir='ltr'><strong>sua</strong></span> <span class='ocrx_word' id='word_1_315' title='bbox 794 766 874 782; x_wconf 75' lang='lat' dir='ltr'><strong>infinitate</strong></span> 
     </span>
    </p>
   </div>
   <div class='ocr_carea' id='block_1_9' title="bbox 94 791 472 1058">
    <p class='ocr_par' dir='ltr' id='par_1_9' title="bbox 94 791 472 935">
     <span class='ocr_line' id='line_1_49' title="bbox 94 791 472 812; baseline 0 -5"><span class='ocrx_word' id='word_1_316' title='bbox 94 791 214 812; x_wconf 64' lang='lat' dir='ltr'><strong>generationem</strong></span> <span class='ocrx_word' id='word_1_317' title='bbox 226 793 241 807; x_wconf 90' lang='lat' dir='ltr'><strong>et</strong></span> <span class='ocrx_word' id='word_1_318' title='bbox 253 791 357 812; x_wconf 83' lang='lat' dir='ltr'><strong>spirationem</strong></span> <span class='ocrx_word' id='word_1_319' title='bbox 369 792 446 809; x_wconf 88' lang='lat' dir='ltr'><strong>divinam,</strong></span> <span class='ocrx_word' id='word_1_320' title='bbox 456 794 472 807; x_wconf 92' lang='lat' dir='ltr'><strong>et</strong></span> 
     </span>
     <span class='ocr_line' id='line_1_50' title="bbox 95 816 471 836; baseline 0.003 -5"><span class='ocrx_word' id='word_1_321' title='bbox 95 816 144 831; x_wconf 84' lang='lat' dir='ltr'><strong>etiam</strong></span> <span class='ocrx_word' id='word_1_322' title='bbox 155 816 195 832; x_wconf 85' lang='lat' dir='ltr'><strong>alios</strong></span> <span class='ocrx_word' id='word_1_323' title='bbox 206 816 289 836; x_wconf 81' lang='lat' dir='ltr'><strong>quosdam,</strong></span> <span class='ocrx_word' id='word_1_324' title='bbox 297 816 369 832; x_wconf 79' lang='lat' dir='ltr'><strong>conflant</strong></span> <span class='ocrx_word' id='word_1_325' title='bbox 381 816 397 832; x_wconf 88' lang='lat' dir='ltr'><strong>in</strong></span> <span class='ocrx_word' id='word_1_326' title='bbox 411 821 471 836; x_wconf 80' lang='lat' dir='ltr'><strong>unum3</strong></span> 
     </span>
     <span class='ocr_line' id='line_1_51' title="bbox 95 841 472 862; baseline 0.003 -6"><span class='ocrx_word' id='word_1_327' title='bbox 95 843 144 861; x_wconf 75' lang='lat' dir='ltr'><strong>atque</strong></span> <span class='ocrx_word' id='word_1_328' title='bbox 155 846 174 856; x_wconf 86' lang='lat' dir='ltr'><strong>ex</strong></span> <span class='ocrx_word' id='word_1_329' title='bbox 186 841 209 856; x_wconf 82' lang='lat' dir='ltr'><strong>eis</strong></span> <span class='ocrx_word' id='word_1_330' title='bbox 221 841 297 860; x_wconf 70' lang='lat' dir='ltr'><strong>collectis,</strong></span> <span class='ocrx_word' id='word_1_331' title='bbox 309 841 351 857; x_wconf 90' lang='lat' dir='ltr'><strong>inter</strong></span> <span class='ocrx_word' id='word_1_332' title='bbox 363 841 472 862; x_wconf 72' lang='lat' dir='ltr'><strong>processiones</strong></span> 
     </span>
     <span class='ocr_line' id='line_1_52' title="bbox 96 865 472 886; baseline 0 -5"><span class='ocrx_word' id='word_1_333' title='bbox 96 865 131 881; x_wconf 87' lang='lat' dir='ltr'><strong>illas</strong></span> <span class='ocrx_word' id='word_1_334' title='bbox 137 865 241 886; x_wconf 68' lang='lat' dir='ltr'><strong>distinguunt</strong></span> <span class='ocrx_word' id='word_1_335' title='bbox 246 865 300 881; x_wconf 80' lang='lat' dir='ltr'><strong>Modus</strong></span> <span class='ocrx_word' id='word_1_336' title='bbox 307 870 371 886; x_wconf 81' lang='lat' dir='ltr'><strong>quoque</strong></span> <span class='ocrx_word' id='word_1_337' title='bbox 377 866 472 886; x_wconf 83' lang='lat' dir='ltr'><strong>distinguen-</strong></span> 
     </span>
     <span class='ocr_line' id='line_1_53' title="bbox 95 890 472 911; baseline 0.003 -6"><span class='ocrx_word' id='word_1_338' title='bbox 95 890 111 905; x_wconf 84' lang='lat' dir='ltr'><strong>di</strong></span> <span class='ocrx_word' id='word_1_339' title='bbox 123 895 172 910; x_wconf 79' lang='lat' dir='ltr'><strong>quem</strong></span> <span class='ocrx_word' id='word_1_340' title='bbox 183 890 228 910; x_wconf 90' lang='lat' dir='ltr'><strong>ponit</strong></span> <span class='ocrx_word' id='word_1_341' title='bbox 238 890 313 910; x_wconf 72' lang='lat' dir='ltr'><strong>AEgidius,</strong></span> <span class='ocrx_word' id='word_1_342' title='bbox 324 890 381 911; x_wconf 87' lang='lat' dir='ltr'><strong>partim</strong></span> <span class='ocrx_word' id='word_1_343' title='bbox 392 893 435 911; x_wconf 87' lang='lat' dir='ltr'><strong>patet</strong></span> <span class='ocrx_word' id='word_1_344' title='bbox 447 895 472 906; x_wconf 84' lang='lat' dir='ltr'><strong>ca-</strong></span> 
     </span>
     <span class='ocr_line' id='line_1_54' title="bbox 96 914 470 935; baseline 0 -5"><span class='ocrx_word' id='word_1_345' title='bbox 96 914 166 930; x_wconf 72' lang='lat' dir='ltr'><strong>tumniae.</strong></span> <span class='ocrx_word' id='word_1_346' title='bbox 174 914 205 930; x_wconf 85' lang='lat' dir='ltr'><strong>Sed</strong></span> <span class='ocrx_word' id='word_1_347' title='bbox 213 914 287 930; x_wconf 83' lang='lat' dir='ltr'><strong>brevitati</strong></span> <span class='ocrx_word' id='word_1_348' title='bbox 295 915 366 933; x_wconf 80' lang='lat' dir='ltr'><strong>studens,</strong></span> <span class='ocrx_word' id='word_1_349' title='bbox 373 917 470 935; x_wconf 82' lang='lat' dir='ltr'><strong>pertranseo.</strong></span> 
     </span>
    </p>

    <p class='ocr_par' dir='ltr' id='par_1_10' title="bbox 95 939 471 1058">
     <span class='ocr_line' id='line_1_55' title="bbox 111 939 471 960; baseline 0.003 -6"><span class='ocrx_word' id='word_1_350' title='bbox 111 939 179 960; x_wconf 85' lang='lat' dir='ltr'><strong>Insuper</strong></span> <span class='ocrx_word' id='word_1_351' title='bbox 185 939 241 955; x_wconf 80' lang='lat' dir='ltr'><strong>Sootus</strong></span> <span class='ocrx_word' id='word_1_352' title='bbox 249 939 275 955; x_wconf 79' lang='lat' dir='ltr'><strong>hio</strong></span> <span class='ocrx_word' id='word_1_353' title='bbox 282 939 347 955; x_wconf 83' lang='lat' dir='ltr'><strong>scribit:</strong></span> <span class='ocrx_word' id='word_1_354' title='bbox 354 939 370 955; x_wconf 90' lang='lat' dir='ltr'><strong>ln</strong></span> <span class='ocrx_word' id='word_1_355' title='bbox 379 939 408 955; x_wconf 81' lang='lat' dir='ltr'><strong>hoc</strong></span> <span class='ocrx_word' id='word_1_356' title='bbox 416 944 471 955; x_wconf 85' lang='lat' dir='ltr'><strong>omnes</strong></span> 
     </span>
     <span class='ocr_line' id='line_1_56' title="bbox 95 963 471 984; baseline 0 -5"><span class='ocrx_word' id='word_1_357' title='bbox 95 963 167 979; x_wconf 81' lang='lat' dir='ltr'><strong>doctores</strong></span> <span class='ocrx_word' id='word_1_358' title='bbox 182 963 286 982; x_wconf 82' lang='lat' dir='ltr'><strong>conveniunt,</strong></span> <span class='ocrx_word' id='word_1_359' title='bbox 302 964 344 984; x_wconf 83' lang='lat' dir='ltr'><strong>quod</strong></span> <span class='ocrx_word' id='word_1_360' title='bbox 359 964 440 984; x_wconf 77' lang='lat' dir='ltr'><strong>generatio</strong></span> <span class='ocrx_word' id='word_1_361' title='bbox 456 966 471 979; x_wconf 90' lang='lat' dir='ltr'><strong>et</strong></span> 
     </span>
     <span class='ocr_line' id='line_1_57' title="bbox 95 988 471 1009; baseline 0 -5"><span class='ocrx_word' id='word_1_362' title='bbox 95 988 161 1009; x_wconf 84' lang='lat' dir='ltr'><strong>spiratio</strong></span> <span class='ocrx_word' id='word_1_363' title='bbox 173 990 211 1004; x_wconf 86' lang='lat' dir='ltr'><strong>sunt</strong></span> <span class='ocrx_word' id='word_1_364' title='bbox 222 988 301 1004; x_wconf 72' lang='lat' dir='ltr'><strong>distinctae</strong></span> <span class='ocrx_word' id='word_1_365' title='bbox 313 988 435 1009; x_wconf 73' lang='lat' dir='ltr'><strong>productionos3</strong></span> <span class='ocrx_word' id='word_1_366' title='bbox 443 988 471 1004; x_wconf 81' lang='lat' dir='ltr'><strong>sed</strong></span> 
     </span>
     <span class='ocr_line' id='line_1_58' title="bbox 95 1013 471 1033; baseline 0 -5"><span class='ocrx_word' id='word_1_367' title='bbox 95 1017 104 1028; x_wconf 93' lang='lat' dir='ltr'><strong>a</strong></span> <span class='ocrx_word' id='word_1_368' title='bbox 116 1017 148 1033; x_wconf 82' lang='lat' dir='ltr'><strong>quo</strong></span> <span class='ocrx_word' id='word_1_369' title='bbox 163 1013 252 1033; x_wconf 78' lang='lat' dir='ltr'><strong>accipiatur</strong></span> <span class='ocrx_word' id='word_1_370' title='bbox 264 1017 318 1028; x_wconf 89' lang='lat' dir='ltr'><strong>earum</strong></span> <span class='ocrx_word' id='word_1_371' title='bbox 334 1013 421 1031; x_wconf 84' lang='lat' dir='ltr'><strong>distinctio,</strong></span> <span class='ocrx_word' id='word_1_372' title='bbox 434 1015 471 1028; x_wconf 86' lang='lat' dir='ltr'><strong>sunt</strong></span> 
     </span>
     <span class='ocr_line' id='line_1_59' title="bbox 96 1037 470 1058; baseline 0 -5"><span class='ocrx_word' id='word_1_373' title='bbox 96 1037 143 1053; x_wconf 65' lang='lat' dir='ltr'><strong>varia</strong></span> <span class='ocrx_word' id='word_1_374' title='bbox 157 1037 246 1058; x_wconf 80' lang='lat' dir='ltr'><strong>opiniones.</strong></span> <span class='ocrx_word' id='word_1_375' title='bbox 260 1037 313 1058; x_wconf 72' lang='lat' dir='ltr'><strong>Aliqui</strong></span> <span class='ocrx_word' id='word_1_376' title='bbox 327 1042 397 1058; x_wconf 82' lang='lat' dir='ltr'><strong>namque</strong></span> <span class='ocrx_word' id='word_1_377' title='bbox 409 1037 470 1056; x_wconf 89' lang='lat' dir='ltr'><strong>dicunt,</strong></span> 
     </span>
    </p>
   </div>
   <div class='ocr_carea' id='block_1_10' title="bbox 498 791 874 1057">
    <p class='ocr_par' dir='ltr' id='par_1_11' title="bbox 498 791 874 1057">
     <span class='ocr_line' id='line_1_60' title="bbox 499 791 873 812; baseline 0 -5"><span class='ocrx_word' id='word_1_378' title='bbox 499 791 583 807; x_wconf 87' lang='lat' dir='ltr'><strong>continens</strong></span> <span class='ocrx_word' id='word_1_379' title='bbox 594 791 623 807; x_wconf 84' lang='lat' dir='ltr'><strong>ista</strong></span> <span class='ocrx_word' id='word_1_380' title='bbox 635 791 714 812; x_wconf 79' lang='lat' dir='ltr'><strong>principis</strong></span> <span class='ocrx_word' id='word_1_381' title='bbox 727 791 873 811; x_wconf 82' lang='lat' dir='ltr'><strong>fundamentaliter,</strong></span> 
     </span>
     <span class='ocr_line' id='line_1_61' title="bbox 499 815 874 836; baseline 0 -5"><span class='ocrx_word' id='word_1_382' title='bbox 499 816 536 831; x_wconf 79' lang='lat' dir='ltr'><strong>licet</strong></span> <span class='ocrx_word' id='word_1_383' title='bbox 546 820 577 832; x_wconf 90' lang='lat' dir='ltr'><strong>non</strong></span> <span class='ocrx_word' id='word_1_384' title='bbox 588 815 681 834; x_wconf 74' lang='lat' dir='ltr'><strong>formaliter,</strong></span> <span class='ocrx_word' id='word_1_385' title='bbox 690 818 713 831; x_wconf 87' lang='lat' dir='ltr'><strong>est</strong></span> <span class='ocrx_word' id='word_1_386' title='bbox 724 816 821 836; x_wconf 80' lang='lat' dir='ltr'><strong>principium</strong></span> <span class='ocrx_word' id='word_1_387' title='bbox 832 820 874 831; x_wconf 90' lang='lat' dir='ltr'><strong>ema-</strong></span> 
     </span>
     <span class='ocr_line' id='line_1_62' title="bbox 499 840 874 860; baseline 0 -4"><span class='ocrx_word' id='word_1_388' title='bbox 499 840 581 856; x_wconf 85' lang='lat' dir='ltr'><strong>nationum</strong></span> <span class='ocrx_word' id='word_1_389' title='bbox 596 840 668 856; x_wconf 79' lang='lat' dir='ltr'><strong>istarum.</strong></span> <span class='ocrx_word' id='word_1_390' title='bbox 680 840 723 856; x_wconf 89' lang='lat' dir='ltr'><strong>Istud</strong></span> <span class='ocrx_word' id='word_1_391' title='bbox 738 845 802 860; x_wconf 82' lang='lat' dir='ltr'><strong>quoque</strong></span> <span class='ocrx_word' id='word_1_392' title='bbox 816 840 874 856; x_wconf 78' lang='lat' dir='ltr'><strong>confir-</strong></span> 
     </span>
     <span class='ocr_line' id='line_1_63' title="bbox 499 864 874 885; baseline 0 -5"><span class='ocrx_word' id='word_1_393' title='bbox 499 867 543 880; x_wconf 89' lang='lat' dir='ltr'><strong>mant</strong></span> <span class='ocrx_word' id='word_1_394' title='bbox 551 869 579 885; x_wconf 90' lang='lat' dir='ltr'><strong>per</strong></span> <span class='ocrx_word' id='word_1_395' title='bbox 586 864 622 883; x_wconf 83' lang='lat' dir='ltr'><strong>hoc,</strong></span> <span class='ocrx_word' id='word_1_396' title='bbox 630 865 673 885; x_wconf 82' lang='lat' dir='ltr'><strong>quod</strong></span> <span class='ocrx_word' id='word_1_397' title='bbox 681 865 693 880; x_wconf 85' lang='lat' dir='ltr'><strong>si</strong></span> <span class='ocrx_word' id='word_1_398' title='bbox 705 867 785 885; x_wconf 83' lang='lat' dir='ltr'><strong>ponantur</strong></span> <span class='ocrx_word' id='word_1_399' title='bbox 795 865 811 880; x_wconf 91' lang='lat' dir='ltr'><strong>in</strong></span> <span class='ocrx_word' id='word_1_400' title='bbox 819 865 874 880; x_wconf 72' lang='lat' dir='ltr'><strong>divino</strong></span> 
     </span>
     <span class='ocr_line' id='line_1_64' title="bbox 499 889 874 910; baseline -0.003 -5"><span class='ocrx_word' id='word_1_401' title='bbox 499 889 567 905; x_wconf 81' lang='lat' dir='ltr'><strong>essentia</strong></span> <span class='ocrx_word' id='word_1_402' title='bbox 579 889 645 905; x_wconf 74' lang='lat' dir='ltr'><strong>diversae</strong></span> <span class='ocrx_word' id='word_1_403' title='bbox 660 889 770 910; x_wconf 82' lang='lat' dir='ltr'><strong>perfectiones,</strong></span> <span class='ocrx_word' id='word_1_404' title='bbox 783 891 800 904; x_wconf 95' lang='lat' dir='ltr'><strong>ut</strong></span> <span class='ocrx_word' id='word_1_405' title='bbox 813 889 874 905; x_wconf 83' lang='lat' dir='ltr'><strong>intelle-</strong></span> 
     </span>
     <span class='ocr_line' id='line_1_65' title="bbox 498 914 872 934; baseline 0 -5"><span class='ocrx_word' id='word_1_406' title='bbox 498 916 538 932; x_wconf 79' lang='lat' dir='ltr'><strong>ctus,</strong></span> <span class='ocrx_word' id='word_1_407' title='bbox 554 914 633 933; x_wconf 82' lang='lat' dir='ltr'><strong>voluntas,</strong></span> <span class='ocrx_word' id='word_1_408' title='bbox 646 914 730 934; x_wconf 83' lang='lat' dir='ltr'><strong>sapientia,</strong></span> <span class='ocrx_word' id='word_1_409' title='bbox 742 916 805 934; x_wconf 79' lang='lat' dir='ltr'><strong>oportet</strong></span> <span class='ocrx_word' id='word_1_410' title='bbox 819 916 872 929; x_wconf 90' lang='lat' dir='ltr'><strong>tamen</strong></span> 
     </span>
     <span class='ocr_line' id='line_1_66' title="bbox 498 938 871 959; baseline 0 -5"><span class='ocrx_word' id='word_1_411' title='bbox 498 938 540 958; x_wconf 80' lang='lat' dir='ltr'><strong>quod</strong></span> <span class='ocrx_word' id='word_1_412' title='bbox 549 938 570 954; x_wconf 86' lang='lat' dir='ltr'><strong>ibi</strong></span> <span class='ocrx_word' id='word_1_413' title='bbox 579 938 611 954; x_wconf 88' lang='lat' dir='ltr'><strong>sint</strong></span> <span class='ocrx_word' id='word_1_414' title='bbox 619 938 674 954; x_wconf 86' lang='lat' dir='ltr'><strong>ordine</strong></span> <span class='ocrx_word' id='word_1_415' title='bbox 683 938 752 959; x_wconf 78' lang='lat' dir='ltr'><strong>quodam</strong></span> <span class='ocrx_word' id='word_1_416' title='bbox 760 943 764 954; x_wconf 78' lang='lat' dir='ltr'><strong><em>z</em></strong></span> <span class='ocrx_word' id='word_1_417' title='bbox 773 938 871 959; x_wconf 84' lang='lat' dir='ltr'><strong>principium</strong></span> 
     </span>
     <span class='ocr_line' id='line_1_67' title="bbox 498 963 872 983; baseline 0 -5"><span class='ocrx_word' id='word_1_418' title='bbox 498 963 559 983; x_wconf 81' lang='lat' dir='ltr'><strong>quippe</strong></span> <span class='ocrx_word' id='word_1_419' title='bbox 571 965 594 978; x_wconf 83' lang='lat' dir='ltr'><strong>est</strong></span> <span class='ocrx_word' id='word_1_420' title='bbox 606 967 646 982; x_wconf 72' lang='lat' dir='ltr'><strong>esse,</strong></span> <span class='ocrx_word' id='word_1_421' title='bbox 658 963 700 983; x_wconf 88' lang='lat' dir='ltr'><strong>quod</strong></span> <span class='ocrx_word' id='word_1_422' title='bbox 713 965 737 978; x_wconf 82' lang='lat' dir='ltr'><strong>est</strong></span> <span class='ocrx_word' id='word_1_423' title='bbox 749 963 794 983; x_wconf 77' lang='lat' dir='ltr'><strong>quasi</strong></span> <span class='ocrx_word' id='word_1_424' title='bbox 808 963 872 983; x_wconf 79' lang='lat' dir='ltr'><strong>pelagus</strong></span> 
     </span>
     <span class='ocr_line' id='line_1_68' title="bbox 499 987 873 1006; baseline 0 -3"><span class='ocrx_word' id='word_1_425' title='bbox 499 987 580 1003; x_wconf 89' lang='lat' dir='ltr'><strong>infinitum</strong></span> <span class='ocrx_word' id='word_1_426' title='bbox 589 987 687 1006; x_wconf 70' lang='lat' dir='ltr'><strong>substantias,</strong></span> <span class='ocrx_word' id='word_1_427' title='bbox 695 988 783 1003; x_wconf 77' lang='lat' dir='ltr'><strong>seeundum</strong></span> <span class='ocrx_word' id='word_1_428' title='bbox 791 987 873 1003; x_wconf 78' lang='lat' dir='ltr'><strong>Damasce-</strong></span> 
     </span>
     <span class='ocr_line' id='line_1_69' title="bbox 498 1012 872 1033; baseline 0.003 -6"><span class='ocrx_word' id='word_1_429' title='bbox 498 1017 542 1031; x_wconf 82' lang='lat' dir='ltr'><strong>num,</strong></span> <span class='ocrx_word' id='word_1_430' title='bbox 554 1014 570 1028; x_wconf 84' lang='lat' dir='ltr'><strong>et</strong></span> <span class='ocrx_word' id='word_1_431' title='bbox 582 1012 639 1028; x_wconf 85' lang='lat' dir='ltr'><strong>deinde</strong></span> <span class='ocrx_word' id='word_1_432' title='bbox 651 1012 683 1028; x_wconf 82' lang='lat' dir='ltr'><strong>alia</strong></span> <span class='ocrx_word' id='word_1_433' title='bbox 694 1012 750 1028; x_wconf 77' lang='lat' dir='ltr'><strong>ordine</strong></span> <span class='ocrx_word' id='word_1_434' title='bbox 762 1016 796 1028; x_wconf 86' lang='lat' dir='ltr'><strong>suo.</strong></span> <span class='ocrx_word' id='word_1_435' title='bbox 807 1012 847 1033; x_wconf 79' lang='lat' dir='ltr'><strong>Ergo</strong></span> <span class='ocrx_word' id='word_1_436' title='bbox 859 1012 872 1028; x_wconf 84' lang='lat' dir='ltr'><strong>si</strong></span> 
     </span>
     <span class='ocr_line' id='line_1_70' title="bbox 498 1036 873 1057; baseline 0 -5"><span class='ocrx_word' id='word_1_437' title='bbox 498 1036 590 1057; x_wconf 80' lang='lat' dir='ltr'><strong>hujusmodi</strong></span> <span class='ocrx_word' id='word_1_438' title='bbox 598 1038 643 1052; x_wconf 81' lang='lat' dir='ltr'><strong>aetus</strong></span> <span class='ocrx_word' id='word_1_439' title='bbox 651 1036 698 1057; x_wconf 87' lang='lat' dir='ltr'><strong>primi</strong></span> <span class='ocrx_word' id='word_1_440' title='bbox 709 1039 776 1057; x_wconf 80' lang='lat' dir='ltr'><strong>possunt</strong></span> <span class='ocrx_word' id='word_1_441' title='bbox 783 1037 844 1053; x_wconf 83' lang='lat' dir='ltr'><strong>causari</strong></span> <span class='ocrx_word' id='word_1_442' title='bbox 852 1036 873 1053; x_wconf 81' lang='lat' dir='ltr'><strong>ab</strong></span> 
     </span>
    </p>
   </div>
   <div class='ocr_carea' id='block_1_11' title="bbox 95 1061 874 1083">
    <p class='ocr_par' dir='ltr' id='par_1_12' title="bbox 95 1061 874 1083">
     <span class='ocr_line' id='line_1_71' title="bbox 95 1061 874 1083; baseline -0.001 -5"><span class='ocrx_word' id='word_1_443' title='bbox 95 1062 137 1082; x_wconf 81' lang='lat' dir='ltr'><strong>quod</strong></span> <span class='ocrx_word' id='word_1_444' title='bbox 147 1062 269 1083; x_wconf 79' lang='lat' dir='ltr'><strong>distinguuntur</strong></span> <span class='ocrx_word' id='word_1_445' title='bbox 279 1067 307 1083; x_wconf 86' lang='lat' dir='ltr'><strong>per</strong></span> <span class='ocrx_word' id='word_1_446' title='bbox 315 1062 397 1078; x_wconf 79' lang='lat' dir='ltr'><strong>terminos.</strong></span> <span class='ocrx_word' id='word_1_447' title='bbox 406 1071 425 1074; x_wconf 88' lang='lat'>—</span> <span class='ocrx_word' id='word_1_448' title='bbox 433 1062 470 1081; x_wconf 78' lang='lat' dir='ltr'><strong>Alii,</strong></span> <span class='ocrx_word' id='word_1_449' title='bbox 478 1063 491 1078; x_wconf 88' lang='lat' dir='ltr'>D</span> <span class='ocrx_word' id='word_1_450' title='bbox 498 1061 572 1080; x_wconf 73' lang='lat' dir='ltr'><strong>essentia,</strong></span> <span class='ocrx_word' id='word_1_451' title='bbox 581 1062 603 1077; x_wconf 77' lang='lat' dir='ltr'><strong>ita</strong></span> <span class='ocrx_word' id='word_1_452' title='bbox 613 1062 655 1082; x_wconf 84' lang='lat' dir='ltr'><strong>quod</strong></span> <span class='ocrx_word' id='word_1_453' title='bbox 668 1061 722 1077; x_wconf 81' lang='lat' dir='ltr'><strong>divina</strong></span> <span class='ocrx_word' id='word_1_454' title='bbox 733 1062 802 1077; x_wconf 83' lang='lat' dir='ltr'><strong>essentia</strong></span> <span class='ocrx_word' id='word_1_455' title='bbox 812 1062 833 1077; x_wconf 89' lang='lat' dir='ltr'><strong>sit</strong></span> <span class='ocrx_word' id='word_1_456' title='bbox 844 1062 874 1077; x_wconf 92' lang='lat' dir='ltr'><strong>im-</strong></span> 
     </span>
    </p>
   </div>
   <div class='ocr_carea' id='block_1_12' title="bbox 94 1087 472 1353">
    <p class='ocr_par' dir='ltr' id='par_1_13' title="bbox 94 1087 472 1353">
     <span class='ocr_line' id='line_1_72' title="bbox 95 1087 471 1107; baseline 0 -5"><span class='ocrx_word' id='word_1_457' title='bbox 95 1091 123 1107; x_wconf 91' lang='lat' dir='ltr'><strong>per</strong></span> <span class='ocrx_word' id='word_1_458' title='bbox 134 1087 214 1107; x_wconf 86' lang='lat' dir='ltr'><strong>principia</strong></span> <span class='ocrx_word' id='word_1_459' title='bbox 224 1091 258 1105; x_wconf 89' lang='lat' dir='ltr'><strong>sna,</strong></span> <span class='ocrx_word' id='word_1_460' title='bbox 266 1087 364 1102; x_wconf 83' lang='lat' dir='ltr'><strong>intellectum</strong></span> <span class='ocrx_word' id='word_1_461' title='bbox 375 1089 391 1102; x_wconf 85' lang='lat' dir='ltr'><strong>et</strong></span> <span class='ocrx_word' id='word_1_462' title='bbox 399 1087 471 1103; x_wconf 86' lang='lat' dir='ltr'><strong>volunta-</strong></span> 
     </span>
     <span class='ocr_line' id='line_1_73' title="bbox 95 1111 469 1132; baseline 0 -5"><span class='ocrx_word' id='word_1_463' title='bbox 95 1113 132 1130; x_wconf 75' lang='lat' dir='ltr'><strong>tem,</strong></span> <span class='ocrx_word' id='word_1_464' title='bbox 141 1116 177 1132; x_wconf 63' lang='grc' dir='ltr'><strong>εἷπε</strong></span> <span class='ocrx_word' id='word_1_465' title='bbox 185 1113 246 1127; x_wconf 82' lang='lat' dir='ltr'><strong>tanturn</strong></span> <span class='ocrx_word' id='word_1_466' title='bbox 254 1111 375 1131; x_wconf 86' lang='lat' dir='ltr'><strong>distinguuntur</strong></span> <span class='ocrx_word' id='word_1_467' title='bbox 382 1111 469 1127; x_wconf 85' lang='lat' dir='ltr'><strong>secundum</strong></span> 
     </span>
     <span class='ocr_line' id='line_1_74' title="bbox 95 1136 471 1156; baseline 0 -5"><span class='ocrx_word' id='word_1_468' title='bbox 95 1136 179 1154; x_wconf 84' lang='lat' dir='ltr'><strong>rationem,</strong></span> <span class='ocrx_word' id='word_1_469' title='bbox 190 1138 207 1151; x_wconf 88' lang='lat' dir='ltr'><strong>et</strong></span> <span class='ocrx_word' id='word_1_470' title='bbox 218 1136 261 1156; x_wconf 82' lang='lat' dir='ltr'><strong>quod</strong></span> <span class='ocrx_word' id='word_1_471' title='bbox 274 1140 328 1152; x_wconf 87' lang='lat' dir='ltr'><strong>earum</strong></span> <span class='ocrx_word' id='word_1_472' title='bbox 340 1136 423 1152; x_wconf 85' lang='lat' dir='ltr'><strong>distinctio</strong></span> <span class='ocrx_word' id='word_1_473' title='bbox 434 1140 471 1151; x_wconf 80' lang='lat' dir='ltr'><strong>cau-</strong></span> 
     </span>
     <span class='ocr_line' id='line_1_75' title="bbox 94 1160 471 1181; baseline 0 -5"><span class='ocrx_word' id='word_1_474' title='bbox 94 1162 138 1176; x_wconf 81' lang='lat' dir='ltr'><strong>satur</strong></span> <span class='ocrx_word' id='word_1_475' title='bbox 145 1165 175 1181; x_wconf 83' lang='lat' dir='ltr'><strong>per</strong></span> <span class='ocrx_word' id='word_1_476' title='bbox 182 1160 290 1181; x_wconf 75' lang='lat' dir='ltr'><strong>operationem</strong></span> <span class='ocrx_word' id='word_1_477' title='bbox 298 1160 389 1176; x_wconf 84' lang='lat' dir='ltr'><strong>intellectus</strong></span> <span class='ocrx_word' id='word_1_478' title='bbox 396 1160 471 1176; x_wconf 81' lang='lat' dir='ltr'><strong>Dei.Con-</strong></span> 
     </span>
     <span class='ocr_line' id='line_1_76' title="bbox 94 1185 471 1205; baseline 0 -5"><span class='ocrx_word' id='word_1_479' title='bbox 94 1187 123 1204; x_wconf 77' lang='lat' dir='ltr'><strong>tra,</strong></span> <span class='ocrx_word' id='word_1_480' title='bbox 135 1185 210 1205; x_wconf 79' lang='lat' dir='ltr'><strong>quamvis</strong></span> <span class='ocrx_word' id='word_1_481' title='bbox 222 1185 274 1205; x_wconf 89' lang='lat' dir='ltr'><strong>major</strong></span> <span class='ocrx_word' id='word_1_482' title='bbox 284 1185 366 1201; x_wconf 87' lang='lat' dir='ltr'><strong>distinctio</strong></span> <span class='ocrx_word' id='word_1_483' title='bbox 376 1187 424 1205; x_wconf 80' lang='lat' dir='ltr'><strong>atque</strong></span> <span class='ocrx_word' id='word_1_484' title='bbox 436 1185 471 1205; x_wconf 87' lang='lat' dir='ltr'><strong>plu-</strong></span> 
     </span>
     <span class='ocr_line' id='line_1_77' title="bbox 95 1209 471 1225; baseline 0.003 -1"><span class='ocrx_word' id='word_1_485' title='bbox 95 1209 149 1225; x_wconf 79' lang='lat' dir='ltr'><strong>ralitas</strong></span> <span class='ocrx_word' id='word_1_486' title='bbox 165 1209 234 1225; x_wconf 80' lang='lat' dir='ltr'><strong>habeant</strong></span> <span class='ocrx_word' id='word_1_487' title='bbox 251 1209 305 1225; x_wconf 81' lang='lat' dir='ltr'><strong>reduci</strong></span> <span class='ocrx_word' id='word_1_488' title='bbox 321 1210 340 1225; x_wconf 80' lang='lat' dir='ltr'><strong>ad</strong></span> <span class='ocrx_word' id='word_1_489' title='bbox 357 1210 436 1225; x_wconf 85' lang='lat' dir='ltr'><strong>minorem</strong></span> <span class='ocrx_word' id='word_1_490' title='bbox 453 1214 471 1225; x_wconf 87' lang='lat' dir='ltr'><strong>ac</strong></span> 
     </span>
     <span class='ocr_line' id='line_1_78' title="bbox 95 1234 471 1254; baseline 0.003 -5"><span class='ocrx_word' id='word_1_491' title='bbox 95 1234 178 1252; x_wconf 78' lang='lat' dir='ltr'><strong>unitatem,</strong></span> <span class='ocrx_word' id='word_1_492' title='bbox 191 1238 274 1254; x_wconf 82' lang='lat' dir='ltr'><strong>nunquam</strong></span> <span class='ocrx_word' id='word_1_493' title='bbox 287 1236 339 1250; x_wconf 74' lang='lat' dir='ltr'><strong>tamen</strong></span> <span class='ocrx_word' id='word_1_494' title='bbox 355 1234 402 1250; x_wconf 84' lang='lat' dir='ltr'><strong>realis</strong></span> <span class='ocrx_word' id='word_1_495' title='bbox 415 1234 471 1250; x_wconf 81' lang='lat' dir='ltr'><strong>distin-</strong></span> 
     </span>
     <span class='ocr_line' id='line_1_79' title="bbox 94 1258 471 1275; baseline 0 -1"><span class='ocrx_word' id='word_1_496' title='bbox 94 1258 125 1274; x_wconf 83' lang='lat' dir='ltr'><strong>ctio</strong></span> <span class='ocrx_word' id='word_1_497' title='bbox 133 1258 215 1274; x_wconf 73' lang='lat' dir='ltr'><strong>reducitur</strong></span> <span class='ocrx_word' id='word_1_498' title='bbox 223 1259 243 1274; x_wconf 85' lang='lat' dir='ltr'><strong>ad</strong></span> <span class='ocrx_word' id='word_1_499' title='bbox 253 1258 372 1275; x_wconf 83' lang='lat' dir='ltr'><strong>distinctionem</strong></span> <span class='ocrx_word' id='word_1_500' title='bbox 382 1259 471 1274; x_wconf 85' lang='lat' dir='ltr'><strong>secundum</strong></span> 
     </span>
     <span class='ocr_line' id='line_1_80' title="bbox 95 1283 472 1303; baseline 0.003 -5"><span class='ocrx_word' id='word_1_501' title='bbox 95 1283 179 1301; x_wconf 84' lang='lat' dir='ltr'><strong>rationem,</strong></span> <span class='ocrx_word' id='word_1_502' title='bbox 189 1283 211 1298; x_wconf 94' lang='lat' dir='ltr'><strong>ita</strong></span> <span class='ocrx_word' id='word_1_503' title='bbox 218 1283 261 1303; x_wconf 82' lang='lat' dir='ltr'><strong>quod</strong></span> <span class='ocrx_word' id='word_1_504' title='bbox 268 1283 322 1303; x_wconf 86' lang='lat' dir='ltr'><strong>aliqua</strong></span> <span class='ocrx_word' id='word_1_505' title='bbox 329 1283 418 1299; x_wconf 81' lang='lat' dir='ltr'><strong>secundum</strong></span> <span class='ocrx_word' id='word_1_506' title='bbox 426 1283 472 1299; x_wconf 87' lang='lat' dir='ltr'><strong>ratio-</strong></span> 
     </span>
     <span class='ocr_line' id='line_1_81' title="bbox 95 1307 472 1327; baseline 0 -4"><span class='ocrx_word' id='word_1_507' title='bbox 95 1313 131 1324; x_wconf 88' lang='lat' dir='ltr'><strong>nem</strong></span> <span class='ocrx_word' id='word_1_508' title='bbox 143 1309 207 1323; x_wconf 81' lang='lat' dir='ltr'><strong>tantum</strong></span> <span class='ocrx_word' id='word_1_509' title='bbox 219 1307 299 1327; x_wconf 74' lang='lat' dir='ltr'><strong>distincta,</strong></span> <span class='ocrx_word' id='word_1_510' title='bbox 312 1308 344 1323; x_wconf 88' lang='lat' dir='ltr'><strong>sint</strong></span> <span class='ocrx_word' id='word_1_511' title='bbox 356 1313 404 1324; x_wconf 81' lang='lat' dir='ltr'><strong>esusa</strong></span> <span class='ocrx_word' id='word_1_512' title='bbox 416 1308 472 1324; x_wconf 79' lang='lat' dir='ltr'><strong>distin-</strong></span> 
     </span>
     <span class='ocr_line' id='line_1_82' title="bbox 95 1332 471 1353; baseline 0 -5"><span class='ocrx_word' id='word_1_513' title='bbox 95 1335 157 1348; x_wconf 81' lang='lat' dir='ltr'><strong>ctorum</strong></span> <span class='ocrx_word' id='word_1_514' title='bbox 165 1332 235 1351; x_wconf 79' lang='lat' dir='ltr'><strong>realiter,</strong></span> <span class='ocrx_word' id='word_1_515' title='bbox 243 1334 259 1348; x_wconf 85' lang='lat' dir='ltr'><strong>et</strong></span> <span class='ocrx_word' id='word_1_516' title='bbox 266 1332 308 1353; x_wconf 83' lang='lat' dir='ltr'><strong>quod</strong></span> <span class='ocrx_word' id='word_1_517' title='bbox 317 1332 358 1348; x_wconf 87' lang='lat' dir='ltr'><strong>idem</strong></span> <span class='ocrx_word' id='word_1_518' title='bbox 367 1332 397 1348; x_wconf 78' lang='lat' dir='ltr'><strong>sub</strong></span> <span class='ocrx_word' id='word_1_519' title='bbox 404 1332 471 1348; x_wconf 84' lang='lat' dir='ltr'><strong>diversis</strong></span> 
     </span>
    </p>
   </div>
   <div class='ocr_carea' id='block_1_13' title="bbox 497 1086 874 1352">
    <p class='ocr_par' dir='ltr' id='par_1_14' title="bbox 497 1086 874 1352">
     <span class='ocr_line' id='line_1_83' title="bbox 498 1086 874 1107; baseline 0.003 -6"><span class='ocrx_word' id='word_1_520' title='bbox 498 1086 585 1101; x_wconf 89' lang='lat' dir='ltr'><strong>mediatum</strong></span> <span class='ocrx_word' id='word_1_521' title='bbox 596 1086 694 1106; x_wconf 81' lang='lat' dir='ltr'><strong>principium</strong></span> <span class='ocrx_word' id='word_1_522' title='bbox 704 1091 736 1106; x_wconf 76' lang='lat' dir='ltr'><strong>quo</strong></span> <span class='ocrx_word' id='word_1_523' title='bbox 746 1086 780 1102; x_wconf 68' lang='lat' dir='ltr'><strong>istm</strong></span> <span class='ocrx_word' id='word_1_524' title='bbox 790 1086 874 1107; x_wconf 81' lang='lat' dir='ltr'><strong>perfectio-</strong></span> 
     </span>
     <span class='ocr_line' id='line_1_84' title="bbox 498 1110 874 1131; baseline 0 -5"><span class='ocrx_word' id='word_1_525' title='bbox 498 1115 526 1126; x_wconf 81' lang='lat' dir='ltr'><strong>nes</strong></span> <span class='ocrx_word' id='word_1_526' title='bbox 538 1110 607 1131; x_wconf 85' lang='lat' dir='ltr'><strong>quodam</strong></span> <span class='ocrx_word' id='word_1_527' title='bbox 620 1110 675 1126; x_wconf 87' lang='lat' dir='ltr'><strong>ordine</strong></span> <span class='ocrx_word' id='word_1_528' title='bbox 686 1110 765 1130; x_wconf 84' lang='lat' dir='ltr'><strong>oriuntur,</strong></span> <span class='ocrx_word' id='word_1_529' title='bbox 778 1111 829 1127; x_wconf 88' lang='lat' dir='ltr'><strong>multo</strong></span> <span class='ocrx_word' id='word_1_530' title='bbox 841 1116 874 1127; x_wconf 87' lang='lat' dir='ltr'><strong>ma·</strong></span> 
     </span>
     <span class='ocr_line' id='line_1_85' title="bbox 497 1135 873 1156; baseline 0 -6"><span class='ocrx_word' id='word_1_531' title='bbox 497 1136 522 1156; x_wconf 82' lang='lat' dir='ltr'><strong>gis</strong></span> <span class='ocrx_word' id='word_1_532' title='bbox 530 1137 581 1156; x_wconf 82' lang='lat' dir='ltr'><strong>potest</strong></span> <span class='ocrx_word' id='word_1_533' title='bbox 590 1140 624 1150; x_wconf 86' lang='lat' dir='ltr'><strong>esse</strong></span> <span class='ocrx_word' id='word_1_534' title='bbox 633 1135 743 1151; x_wconf 79' lang='lat' dir='ltr'><strong>immediatum</strong></span> <span class='ocrx_word' id='word_1_535' title='bbox 751 1135 873 1156; x_wconf 77' lang='lat' dir='ltr'><strong>proximumque</strong></span> 
     </span>
     <span class='ocr_line' id='line_1_86' title="bbox 499 1160 873 1181; baseline 0 -6"><span class='ocrx_word' id='word_1_536' title='bbox 499 1160 596 1181; x_wconf 87' lang='lat' dir='ltr'><strong>principium</strong></span> <span class='ocrx_word' id='word_1_537' title='bbox 607 1162 671 1175; x_wconf 79' lang='lat' dir='ltr'><strong>actuum</strong></span> <span class='ocrx_word' id='word_1_538' title='bbox 681 1160 788 1176; x_wconf 85' lang='lat' dir='ltr'><strong>secundorum</strong></span> <span class='ocrx_word' id='word_1_539' title='bbox 797 1161 814 1175; x_wconf 90' lang='lat' dir='ltr'><strong>ut</strong></span> <span class='ocrx_word' id='word_1_540' title='bbox 821 1160 873 1175; x_wconf 85' lang='lat' dir='ltr'><strong>diver-</strong></span> 
     </span>
     <span class='ocr_line' id='line_1_87' title="bbox 498 1184 872 1203; baseline 0 -3"><span class='ocrx_word' id='word_1_541' title='bbox 498 1189 552 1200; x_wconf 90' lang='lat' dir='ltr'><strong>sarum</strong></span> <span class='ocrx_word' id='word_1_542' title='bbox 567 1184 691 1200; x_wconf 84' lang='lat' dir='ltr'><strong>emanationurn.</strong></span> <span class='ocrx_word' id='word_1_543' title='bbox 707 1184 769 1203; x_wconf 85' lang='lat' dir='ltr'><strong>Contra,</strong></span> <span class='ocrx_word' id='word_1_544' title='bbox 785 1184 872 1200; x_wconf 74' lang='lat' dir='ltr'><strong>seeundum</strong></span> 
     </span>
     <span class='ocr_line' id='line_1_88' title="bbox 499 1209 873 1229; baseline -0.003 -4"><span class='ocrx_word' id='word_1_545' title='bbox 499 1210 545 1225; x_wconf 86' lang='lat' dir='ltr'><strong>istam</strong></span> <span class='ocrx_word' id='word_1_546' title='bbox 556 1209 648 1229; x_wconf 86' lang='lat' dir='ltr'><strong>opinionem</strong></span> <span class='ocrx_word' id='word_1_547' title='bbox 658 1213 690 1225; x_wconf 86' lang='lat' dir='ltr'><strong>non</strong></span> <span class='ocrx_word' id='word_1_548' title='bbox 701 1211 742 1224; x_wconf 86' lang='lat' dir='ltr'><strong>esset</strong></span> <span class='ocrx_word' id='word_1_549' title='bbox 753 1209 793 1224; x_wconf 88' lang='lat' dir='ltr'><strong>ratio</strong></span> <span class='ocrx_word' id='word_1_550' title='bbox 802 1213 831 1224; x_wconf 87' lang='lat' dir='ltr'><strong>cur</strong></span> <span class='ocrx_word' id='word_1_551' title='bbox 841 1213 873 1224; x_wconf 89' lang='lat' dir='ltr'><strong>una</strong></span> 
     </span>
     <span class='ocr_line' id='line_1_89' title="bbox 499 1233 873 1250; baseline -0.003 -1"><span class='ocrx_word' id='word_1_552' title='bbox 499 1234 579 1250; x_wconf 85' lang='lat' dir='ltr'><strong>emanatio</strong></span> <span class='ocrx_word' id='word_1_553' title='bbox 588 1234 642 1249; x_wconf 85' lang='lat' dir='ltr'><strong>divina</strong></span> <span class='ocrx_word' id='word_1_554' title='bbox 651 1235 693 1249; x_wconf 81' lang='lat' dir='ltr'><strong>esset</strong></span> <span class='ocrx_word' id='word_1_555' title='bbox 703 1233 780 1249; x_wconf 84' lang='lat' dir='ltr'><strong>naturalis</strong></span> <span class='ocrx_word' id='word_1_556' title='bbox 790 1235 805 1249; x_wconf 81' lang='lat' dir='ltr'><strong>et</strong></span> <span class='ocrx_word' id='word_1_557' title='bbox 814 1233 846 1248; x_wconf 89' lang='lat' dir='ltr'><strong>alia</strong></span> <span class='ocrx_word' id='word_1_558' title='bbox 855 1233 873 1248; x_wconf 92' lang='lat' dir='ltr'><strong>li-</strong></span> 
     </span>
     <span class='ocr_line' id='line_1_90' title="bbox 499 1257 871 1278; baseline -0.003 -4"><span class='ocrx_word' id='word_1_559' title='bbox 499 1258 541 1274; x_wconf 85' lang='lat' dir='ltr'><strong>bera.</strong></span> <span class='ocrx_word' id='word_1_560' title='bbox 550 1267 570 1270; x_wconf 85' lang='lat'><em>-</em></span> <span class='ocrx_word' id='word_1_561' title='bbox 577 1258 613 1274; x_wconf 65' lang='lat' dir='ltr'><strong>Elec</strong></span> <span class='ocrx_word' id='word_1_562' title='bbox 620 1258 680 1274; x_wconf 88' lang='lat' dir='ltr'><strong>Scotus.</strong></span> <span class='ocrx_word' id='word_1_563' title='bbox 689 1257 708 1273; x_wconf 79' lang='lat' dir='ltr'><strong>Et</strong></span> <span class='ocrx_word' id='word_1_564' title='bbox 717 1260 772 1273; x_wconf 77' lang='lat' dir='ltr'><strong>eontra</strong></span> <span class='ocrx_word' id='word_1_565' title='bbox 779 1257 871 1278; x_wconf 85' lang='lat' dir='ltr'><strong>opinionem</strong></span> 
     </span>
     <span class='ocr_line' id='line_1_91' title="bbox 498 1282 872 1303; baseline -0.003 -5"><span class='ocrx_word' id='word_1_566' title='bbox 498 1283 570 1299; x_wconf 72' lang='lat' dir='ltr'><strong>eundem</strong></span> <span class='ocrx_word' id='word_1_567' title='bbox 577 1283 631 1298; x_wconf 88' lang='lat' dir='ltr'><strong>valent</strong></span> <span class='ocrx_word' id='word_1_568' title='bbox 636 1287 672 1303; x_wconf 73' lang='lat' dir='ltr'><strong>quae</strong></span> <span class='ocrx_word' id='word_1_569' title='bbox 680 1282 775 1303; x_wconf 62' lang='lat' dir='ltr'><strong>precedenti</strong></span> <span class='ocrx_word' id='word_1_570' title='bbox 783 1282 872 1298; x_wconf 69' lang='lat' dir='ltr'><strong>distinctio-</strong></span> 
     </span>
     <span class='ocr_line' id='line_1_92' title="bbox 499 1306 871 1327; baseline -0.003 -4"><span class='ocrx_word' id='word_1_571' title='bbox 499 1312 519 1323; x_wconf 88' lang='lat' dir='ltr'><strong>ne</strong></span> <span class='ocrx_word' id='word_1_572' title='bbox 529 1307 594 1323; x_wconf 76' lang='lat' dir='ltr'><strong>inducta</strong></span> <span class='ocrx_word' id='word_1_573' title='bbox 605 1309 642 1323; x_wconf 87' lang='lat' dir='ltr'><strong>sunt</strong></span> <span class='ocrx_word' id='word_1_574' title='bbox 653 1309 708 1323; x_wconf 80' lang='lat' dir='ltr'><strong>eontra</strong></span> <span class='ocrx_word' id='word_1_575' title='bbox 718 1306 816 1326; x_wconf 84' lang='lat' dir='ltr'><strong>Durandum,</strong></span> <span class='ocrx_word' id='word_1_576' title='bbox 824 1306 871 1327; x_wconf 79' lang='lat' dir='ltr'><strong>cujus</strong></span> 
     </span>
     <span class='ocr_line' id='line_1_93' title="bbox 498 1331 854 1352; baseline 0 -5"><span class='ocrx_word' id='word_1_577' title='bbox 498 1332 591 1352; x_wconf 80' lang='lat' dir='ltr'><strong>imaginatio</strong></span> <span class='ocrx_word' id='word_1_578' title='bbox 601 1336 637 1347; x_wconf 89' lang='lat' dir='ltr'><strong>cum</strong></span> <span class='ocrx_word' id='word_1_579' title='bbox 648 1331 724 1352; x_wconf 86' lang='lat' dir='ltr'><strong>opinione</strong></span> <span class='ocrx_word' id='word_1_580' title='bbox 735 1331 762 1347; x_wconf 89' lang='lat' dir='ltr'><strong>illa</strong></span> <span class='ocrx_word' id='word_1_581' title='bbox 772 1331 854 1347; x_wconf 87' lang='lat' dir='ltr'><strong>coincidit.</strong></span> 
     </span>
    </p>
   </div>
  </div>
 </body>
</html>
