1088 1569
142 610 208 626 Quini-au

144 1156 187 1168 uach.
192 1160 206 1170 iu,

145 1180 170 1199 ,ιἰι.
176 1192 186 1201 ιι,
191 1189 201 1199 ³.

140 1226 206 1242 omn„

216 121 246 137 5²6

401 126 550 140 Quaanutwuuutm
560 126 656 140 ουΑκνΙυΑΙι
666 126 720 138 enims
730 126 810 138 ursonio

216 170 241 184 tcr
253 168 322 189 Spiritus
336 169 403 185 Sanctus
418 169 472 189 aliquo
485 169 531 185 modo
545 168 657 184 daturAdum
671 169 747 185 rationem
760 169 855 185 dumtaxat:
866 169 941 189 quoniam
954 171 997 185 tem-

217 193 261 214 prius
274 198 322 214 quem
337 194 378 209 dona
392 194 433 214 ejus,
446 195 462 209 et
476 193 530 214 aliquo
545 194 592 209 modo

216 217 311 233 econtrario.
320 218 404 234 Possumus
416 218 458 234 enim
471 218 512 233 dona
523 217 592 238 Spiritus

216 241 269 257 Sancti
282 247 375 263 comparare
386 243 405 258 ad
418 243 487 261 dantem,
496 244 512 258 et
523 242 560 258 item
572 243 592 258 ad

217 267 321 287 recipientem
330 272 333 283 :
343 270 390 288 atque
399 269 471 288 respectu
480 268 538 286 dantis,
548 267 592 287 prius

216 291 263 307 datur
277 291 345 312 Spiritus
360 292 437 312 Sanctus;
450 294 523 312 respectu
537 294 591 307 autem

216 316 314 336 recipientis,
324 319 347 332 est
358 317 448 332 econtrario
459 321 462 332 τ
473 316 517 332 velut
529 317 541 332 si
555 317 591 337 quis

217 340 291 361 infigeret
305 341 368 357 clavum
380 341 429 361 ligno,
441 343 457 357 et
469 341 532 357 clavum
545 341 591 357 illum

216 364 303 385 infigendo,
312 367 392 381 excuteret
402 366 451 381 aliurn
462 366 530 384 clavum,
539 370 592 386 respe-

216 391 242 405 ctu
254 389 336 410 infigentis
348 390 392 410 prior
403 392 427 406 est
440 390 497 406 infixio
508 390 555 408 clavi,
564 390 591 406 sed

216 419 235 430 ex
246 417 290 435 parte
300 414 339 435 ligni
349 415 393 435 prior
401 417 426 431 est
435 415 476 431 olavi
486 415 564 431 excussio.
573 414 591 430 Et

216 439 246 454 hoc
257 441 281 454 est
290 439 332 459 quod
340 439 389 460 aliqui
398 440 460 458 dicunt,
468 441 484 455 et
494 439 540 458 bene,
549 440 591 460 quod

620 193 678 214 poralis
687 193 766 214 processio
774 194 880 214 principalius
887 193 963 214 importat
973 198 998 209 re-

619 220 690 238 spectum
699 219 718 234 ad
727 218 813 234 terminum
821 219 841 234 ad
849 223 903 239 quem,
912 218 968 234 missio
976 218 997 234 ad

619 243 717 263 principium
729 247 739 258 a
751 247 788 263 quo,
798 243 862 259 donatio
875 247 911 259 vero
923 243 942 259 ad
955 243 998 259 effo-

619 269 668 283 ctum.
680 267 710 283 Alii
725 268 801 288 majorem
817 268 859 283 inter
870 268 904 284 hinc
918 268 998 284 differen-

620 292 657 308 tiam
672 292 753 313 assignare
768 295 852 311 conantur,
866 292 937 308 dicentes
951 293 998 313 quod

618 317 711 337 temporalis
721 317 801 337 processio
809 317 829 333 de
837 317 927 337 significato
937 318 998 338 princi-

619 341 650 362 pali
662 342 734 362 designat
744 342 861 362 processionem
871 344 946 358 aeternarn
956 347 997 358 cum

619 366 688 386 quodam
700 368 773 387 respectu
785 367 874 382 secundum
889 367 966 382 rationem
981 369 998 382 ct

619 391 706 406 secundum
715 391 746 406 dici
756 391 775 406 ad
786 393 881 410 creaturam,
889 393 905 407 et
913 393 949 407 actu
957 396 998 407 con<

619 417 662 431 nutat
672 420 731 431 novum
742 415 818 431 effectum
830 416 845 431 in
854 417 932 434 creatura,
941 421 959 432 ac
968 421 998 432 no-

619 444 654 455 vam
668 440 684 455 in
696 445 715 455 ea
728 440 821 456 relationem
835 440 854 456 td
867 440 943 461 Spiritum
956 440 998 456 San-

215 468 234 479 ex
243 466 287 484 parto
296 464 365 480 materiae
374 464 417 485 prior
424 466 448 479 est
455 464 498 480 datio
506 469 590 479 munerum
601 463 612 478 B
619 466 667 479 ctum.
682 464 747 480 Donatio
762 466 815 480 autem
830 464 850 480 de
864 469 893 480 suo
908 464 996 485 principali

215 488 284 508 Spiritus
297 488 356 507 Sancti,
367 489 405 509 quia
417 488 500 509 dispositio
512 489 556 509 prior
568 490 592 504 est

216 517 264 533 quiam
272 513 288 528 id
296 513 315 528 ad
323 513 365 534 quod
373 513 451 534 disponit:
458 518 477 529 ex
485 515 529 534 partc
537 515 590 529 tamen

216 537 277 558 agentis
289 539 304 553 et
317 537 360 557 finis,
369 538 412 554 datio
422 538 491 559 Spiritus
501 538 554 554 Sancti
567 540 591 554 est

217 562 266 582 prior.
277 562 313 578 ΗΜ
323 562 399 583 :Egidius

236 611 314 629 Ouaeritur
324 611 394 630 demum,
403 611 444 630 Quot
454 612 505 627 modis
514 611 543 627 {iat
553 614 591 627 tem-

216 635 275 656 poralis
286 636 366 656 processio
377 636 446 657 Spiritus
457 636 516 652 Sancti.

235 660 257 676 Ad
266 660 296 676 hoc
304 661 388 681 respondet
395 660 470 676 Albertns
478 665 482 676 z
492 661 590 681 'temporalis

215 685 296 705 processio
310 687 325 700 et
339 685 394 701 missio
407 685 476 705 Spiritus
490 685 543 701 Sancti
558 690 591 701 ma-

215 709 293 725 terialiter
306 709 326 725 fit
341 709 416 730 plurimis
430 710 486 728 modis,
501 714 541 730 quos
558 714 590 726 non

215 735 238 749 est
248 734 324 754 possibile
333 734 353 750 ad
363 734 464 750 artificialem
475 734 524 754 redigi
536 739 591 750 nume-

618 488 709 509 significato
722 493 753 505 non
769 489 808 504 dicit
822 489 892 509 aliquam
908 489 997 505 emanatio-

619 518 661 532 nem,
674 513 754 534 loquendo
766 514 786 529 do
798 514 898 530 emanatione
911 514 949 530 reali
962 519 997 535 qna

618 540 682 553 emanat
694 542 771 558 persona3
784 538 810 554 sed
826 538 865 554 dicit
877 538 996 554 emanationem

618 562 655 578 doni
671 563 769 583 appropriati
786 567 862 583 personte,
877 563 892 579 in
906 567 938 583 quo
952 563 997 579 dono

619 587 687 607 ipsamet
697 591 764 608 persona
771 592 809 603 vere
819 588 866 603 datur
873 587 956 608 recipienti
968 588 998 603 hu>

617 611 688 632 jusmodi
698 612 763 627 donum.
772 612 816 627 Unde
823 614 839 627 et
850 614 882 628 tota
889 612 958 628 Trinitas
969 613 997 628 dat

618 641 635 652 se
645 636 702 656 ipsam.
711 636 763 652 Missio
772 641 810 652 vero
820 636 858 652 dicit
869 637 997 657 representatio-

618 665 655 676 nem
663 665 735 681 personas
742 661 831 676 emanantis
841 665 870 681 per
877 661 995 677 emanationem

618 685 687 705 alicujus
697 685 719 701 rei
727 685 796 701 visibilis
805 687 833 701 aut
844 685 929 701 invisibilis
937 691 997 706 appi-<r

618 709 673 730 pristas
686 709 709 725 illi
722 714 799 730 personne.
812 709 831 725 Et
843 710 865 725 ita
876 710 896 725 de
908 710 995 731 principali

618 734 708 754 significato
716 734 796 750 missionis
803 739 835 750 non
843 737 867 750 est
874 735 954 751 emanatio
962 740 996 756 per-

215 763 256 777 rum,
266 762 316 778 quum
325 758 381 774 fiatad
390 759 497 774 renovandam
507 761 523 774 et
532 758 591 774 sancti·
600 760 610 776 c
617 763 665 777 soum,
679 759 706 774 sed
719 761 742 774 est
757 759 776 774 de
791 759 892 775 cointellectu
907 759 995 780 significati

214 782 295 798 sicsndam
305 783 398 799 rationalem
408 785 497 799 creaturam
506 788 509 799 :
520 783 563 804 quod
573 783 589 799 in

214 807 281 823 diversis
296 808 408 827 diversimode,
421 808 454 824 imo
469 808 591 824 innumerabili-

214 832 244 848 bus
256 832 307 848 modis
319 832 401 853 contingit.
412 832 452 848 Modi
464 837 501 848 vero
514 832 588 849 formales

214 861 246 873 non
257 857 298 872 ultra
308 859 376 877 quatuor
386 858 505 873 extenduntur:
515 857 553 878 quie
563 859 591 873 sut

213 881 233 897 tit
245 882 318 900 interius,
330 882 350 897 ad
365 882 464 898 intellectum
478 884 505 898 aut
517 882 536 897 ad
551 882 591 897 aiio-

213 908 262 922 ctum.
276 906 346 922 Primum
359 908 383 922 cst
396 911 425 927 per
436 907 478 922 dona
490 906 589 925 intellcctusz

213 931 307 949 secundum,
322 935 350 951 per
365 931 447 947 caritatem
462 933 478 947 et
493 931 507 947 oi
521 936 589 947 annexa.

213 955 244 971 Aut
253 955 273 971 iit
283 955 358 974 exterius,
368 956 388 971 ad
399 960 469 974 sensum,
480 956 560 976 loquendo
570 956 590 971 de

213 985 261 995 sensu
275 980 349 996 exteriori
362 980 436 996 ordinato
448 980 467 996 nd
481 980 589 1000 intellectum3

213 1004 268 1025 sicque
279 1004 298 1020 sit
309 1009 337 1024 per
348 1006 437 1020 creaturam
447 1006 545 1025 assumptam
555 1009 590 1020 sen-

213 1029 277 1044 sibilem
288 1033 292 1044 z
304 1031 320 1044 et
331 1029 360 1045 hoc
370 1029 462 1049 dupliciter,
473 1029 511 1049 quia
522 1031 550 1044 aut
561 1034 590 1050 per

618 783 705 802 missionis,
718 783 853 804 quemadmodum
866 789 913 800 nasus
926 789 958 800 non
971 787 995 800 est

618 808 637 823 de
648 808 734 828 principali
747 808 838 828 significato
850 808 930 827 similatis,
939 813 996 829 quam-

618 833 642 848 vis
654 832 716 848 simitas
728 837 784 848 nasum
797 833 869 849 includat
881 833 900 849 de
913 834 996 849 cointelle-

618 859 650 873 ctu.
662 857 698 873 Haec
709 857 801 873 Richardus.

638 882 693 897 Pctrus
705 886 743 898 vero
755 882 781 898 hic
793 882 866 902 loquitur
879 887 883 898 :
896 882 996 903 'temporalis

618 907 704 927 processio,
713 906 773 925 missio,
781 907 824 922 datio
835 909 851 922 et
861 907 946 928 apparitio,
957 910 996 923 sunt

618 931 660 947 idem
671 931 688 947 in
701 936 723 950 re,
735 931 761 946 sed
775 931 853 947 differunt
866 932 931 947 ratione.
942 932 996 948 Missio

618 960 687 976 namque
700 955 811 976 principaliter
821 956 859 971 dicit
873 958 963 977 respectum
975 957 995 972 ad

618 980 717 1000 principium
729 985 739 995 a
751 984 792 1000 quo:
803 980 896 1001 temporalis
908 981 994 1001 processio.

617 1005 636 1020 ad
652 1005 738 1020 terminum
754 1005 770 1020 in
785 1009 847 1025 quem;
862 1005 926 1021 donatio
940 1008 994 1021 autem

617 1029 656 1045 dicit
666 1031 756 1050 respectum
766 1029 785 1044 ad
795 1029 872 1045 cl'l'ecturu
882 1029 907 1045 vel
918 1030 994 1049 modum:

214 1055 303 1069 creaturam
314 1053 330 1069 in
341 1054 401 1069 unitate
413 1058 484 1074 personae
495 1054 562 1073 unitam,
573 1057 589 1070 et
598 1055 609 1070 D
617 1054 697 1074 apparitio
712 1058 749 1070 vero
764 1056 788 1069 est
804 1054 868 1074 signum
885 1054 962 1070 sensibile
978 1055 994 1071 in

214 1078 237 1094 sic
250 1078 300 1093 Filius
314 1078 340 1093 Dei
354 1078 413 1094 missus
426 1081 450 1094 est
463 1078 478 1094 in
492 1083 549 1099 carne;
563 1081 590 1094 aut

215 1107 243 1123 per
259 1104 349 1118 creaturam
365 1103 385 1118 ail
403 1103 549 1124 repraesentandum
566 1108 591 1119 as-

214 1129 301 1148 sumptam,
309 1127 364 1147 sicque
372 1127 431 1143 missus
440 1130 464 1143 est
473 1127 541 1148 Spiritus
552 1128 590 1144 San-

214 1154 249 1168 ctus
261 1152 277 1167 in
289 1151 369 1170 columba,
381 1152 397 1167 in
408 1152 445 1172 igne
455 1154 470 1168 et
481 1152 545 1172 linguis.
555 1152 590 1168 litec

214 1177 294 1193 Albertus.

233 1226 300 1246 Insuper
306 1225 387 1246 quaeritur,
392 1225 463 1244 Qualiter
469 1225 545 1241 disserant
553 1228 591 1242 tem-

216 1250 275 1271 poralis
286 1250 371 1271 processio,
382 1250 442 1269 missio,
451 1250 494 1266 datio
503 1253 519 1266 et
529 1251 591 1271 appari-

216 1275 238 1291 tio
249 1275 318 1296 Spiritus
329 1275 388 1291 Sancti.

236 1300 325 1321 Respondet
342 1299 429 1315 Richardus
446 1304 449 1315 z
465 1299 518 1320 Aliqui
536 1299 592 1315 dicunt

216 1324 259 1345 quod
274 1329 306 1341 nen
321 1324 397 1340 differant
412 1324 481 1343 realiter,
494 1325 521 1340 sed
536 1329 592 1340 secun-

618 1083 650 1099 quo
664 1078 776 1094 manifestatur
790 1078 876 1099 processio.
892 1079 946 1099 ltaque
964 1079 995 1095 tria

618 1103 670 1123 prima
684 1103 782 1118 conveniunt
794 1103 892 1123 processioni
906 1103 966 1119 visibili
979 1106 995 1119 et

618 1127 701 1146 invisibili,
709 1127 790 1148 apparitio
800 1129 853 1143 autem
864 1127 961 1148 processioni
971 1128 995 1144 vi-

617 1151 661 1167 sibili
672 1154 740 1167 tantum.
751 1151 786 1167 Hinc
797 1151 857 1167 Petrus.

638 1176 696 1192 Verum
703 1176 777 1192 Alber‘tus
787 1176 830 1192 circs
837 1176 870 1192 hau:
880 1176 927 1192 aliter
934 1177 995 1193 sentire

617 1201 686 1219 videtur,
698 1201 765 1217 dicendo
776 1205 779 1216 :
790 1201 821 1216 Ista
833 1201 853 1216 ab
866 1201 935 1217 invicem
947 1201 996 1217 diffe-

618 1228 660 1244 runt,
669 1225 745 1246 quoniam
753 1225 833 1246 apparitio
840 1228 888 1246 prout
895 1226 915 1241 de
925 1231 943 1242 ea
951 1231 994 1242 nunc

618 1250 705 1271 loquimur,
713 1254 745 1266 non
753 1250 773 1265 lit
782 1250 813 1265 nisi
824 1255 852 1271 per
859 1252 948 1266 ere-mmm
957 1251 995 1266 sub-

617 1275 682 1295 jectam,
690 1275 724 1290 sine
732 1279 764 1295 qua
772 1274 827 1290 missio
835 1274 870 1290 sieri
879 1277 935 1295 potest.
943 1275 994 1296 Appa-

619 1299 655 1316 ritio
667 1304 732 1320 quoque
744 1299 763 1315 sit
775 1299 816 1315 bene
830 1304 858 1320 per
870 1300 940 1320 angelos,
952 1300 994 1316 sicut
1007 1315 1030 1326 oe·

618 1324 686 1340 Abrahae
700 1326 809 1345 apparuerunt
823 1326 855 1340 tres
869 1324 927 1345 angeli.
941 1324 994 1341 ffissio
1000 1331 1011 1341 2.
1031 1318 1061 1325 ’Μ’
