1088 1569
218 121 248 137 322

389 126 405 137 nt
416 126 470 138 Lunam:
481 126 485 137 ι
496 126 618 137 εκΝτΒΝτιΛιιυιί.
629 130 649 133 »-
660 126 698 137 msr.
710 126 729 138 v:
740 126 797 139 ttuaesr.
810 126 820 137 Ιι

217 168 280 184 Domini
293 169 378 184 millesimo
390 169 499 184 ducentesimo
510 168 592 189 nonagesi-
599 169 612 184 A
619 173 653 184 osse
662 173 665 184 :
674 169 712 188 quia
722 173 753 184 non
763 173 803 187 esse,
811 170 835 184 est
846 168 923 184 terminus
932 173 941 183 a
950 172 995 188 quog

217 197 244 208 mo
251 193 309 213 primo,
318 195 334 209 ut
345 193 374 214 legi
385 194 399 209 in
410 193 497 213 exemplari
508 193 551 209 unde
559 193 591 209 haec

217 217 280 238 scripsi.
293 218 340 234 Porro
352 218 420 234 Thomas
435 218 504 233 feliciter
518 218 592 238 migravit

217 242 236 257 ad
245 242 325 258 Christum
335 247 377 259 anno
386 243 457 263 ejusdem
468 242 554 258 millesimo
563 243 592 258 ‹lu-

216 267 303 283 eenoesimo
311 267 429 288 septuagesimo
435 269 498 287 quarto.
507 276 526 279 -
533 267 592 283 Postre-

216 296 243 307 mo
253 294 346 312 argumenta
356 292 397 308 Scoti
407 292 476 308 faciliter
485 292 590 311 solverentur,

216 316 284 332 dicendo
291 317 310 332 ad
321 316 397 337 primurn,
405 317 448 337 qnod
458 317 513 332 divina
523 316 591 332 essentia

216 345 247 356 non
258 341 313 357 eadem
323 341 451 357 consideratione
460 346 479 357 ac
489 341 555 359 ratione,
564 341 591 357 sod

216 365 296 384 distincta,
305 368 371 381 vocatur
378 366 456 381 terminus
466 365 537 381 formalis
544 370 592 386 gene-

216 389 282 406 rationis
297 390 361 409 divium,
377 393 392 406 et
407 391 452 411 quasi
469 390 535 406 materia
550 390 590 411 ejus.

215 414 275 435 Nempe
286 415 302 430 in
312 418 390 435 quantum
401 420 429 436 per
438 415 557 436 generationem
567 415 592 430 Fi-

216 439 237 455 lio
245 440 373 455 communicatur
380 442 395 455 et
406 440 421 455 in
430 440 465 460 ipen
473 440 552 458 consistit,
561 442 591 455 ter-

618 195 634 208 et
642 198 681 211 esse,
688 193 765 209 terminus
772 193 791 208 ad
799 198 853 213 quern.
859 192 943 208 Gener-tio
949 192 995 207 onim

619 217 635 233 in
643 218 725 236 creaturis,
733 220 758 233 est
767 222 776 233 a
784 222 815 233 non
826 222 861 233 esse
870 217 966 237 simpliciter
974 217 995 232 ad

619 247 653 258 esse
662 242 762 263 simpliciter.
771 242 844 258 Secundo
854 242 906 259 modo,
916 241 996 257 terminus

619 272 628 282 a
635 271 667 287 quo
676 267 789 287 generationis,
797 269 821 282 est
830 267 907 287 gignens;
915 266 995 282 terminus

619 292 638 307 ad
653 296 707 312 quem,
719 292 782 312 genitus
796 296 799 307 :
813 296 863 312 quum
877 291 958 311 generatio
973 291 996 306 sit

619 316 663 337 qnasi
676 316 746 332 medium
758 316 799 332 inter
809 318 911 336 generantem
923 318 938 331 et
946 320 996 335 gene-

619 343 676 360 ratum,
690 341 824 361 quemadmodum
837 341 879 356 actio
894 340 935 356 inter
946 344 995 360 ngen—

619 368 650 381 tem
661 368 677 381 et
689 366 781 386 patientem.
789 365 842 381 Tertio
854 365 907 383 modo,
915 364 995 380 terminus

618 395 628 406 a
637 395 669 411 qun
680 390 787 410 generationis
797 390 861 408 divinas,
870 391 894 405 est
904 389 958 405 divina
968 394 994 405 es-

618 415 670 430 sentia
682 420 709 430 seu
722 417 779 430 natura
791 416 809 430 ut
820 417 844 430 ost
856 415 872 430 in
885 414 935 433 Patre,
946 416 995 434 prout

618 439 654 460 ejus
665 440 724 455 virtute
739 439 780 455 Patri
794 439 869 455 convenit
880 443 964 459 generare:
978 441 995 454 et

216 464 269 479 minus
279 464 351 480 formalis
360 465 467 485 generationis
477 466 543 480 vocatur
551 469 555 480 z
563 464 591 480 sed
600 464 612 480 Β
619 464 697 479 terminus
706 464 725 479 ad
736 468 790 484 quem,
798 466 822 479 est
831 464 886 479 eadem
897 463 966 479 essentia
977 464 995 478 ut

216 488 232 504 in
245 491 323 509 quantum
335 489 408 505 consistit
420 489 436 504 in
449 489 499 507 Patre,
507 491 523 505 et
535 494 591 505 secun-

215 513 253 529 dum
266 513 331 529 modum
344 516 415 529 nostrum
429 514 534 534 intelligendi,
544 514 590 534 qnasi

215 538 325 558 praeexsistere
338 538 437 558 generationi
452 538 554 559 concipitur;
567 538 590 554 sic

215 562 260 582 quasi
269 563 335 578 materia
342 563 450 583 generationis
458 565 537 578 censetur.
544 563 590 578 Aliud

215 591 253 603 vero
264 586 306 603 scoti
321 590 433 608 argumentum
448 587 535 606 concludit,
548 587 590 608 quod

215 611 266 627 virtus
274 611 301 627 illa
308 612 363 628 aster-ni
374 612 423 627 Patria
432 612 523 632 generativa
532 617 550 628 ac
559 612 591 632 pri-

215 640 247 655 ma,
255 636 275 652 ad
286 637 395 656 generandum
407 637 428 652 nil
442 637 552 657 praesupponit
564 641 590 652 ne-

215 665 246 681 que
256 660 324 681 requirit
335 661 377 681 quod
387 661 479 676 distinctum
491 663 507 676 et
516 661 559 676 aliud
569 661 590 676 sit

214 685 235 700 ab
246 685 285 706 ipsa.
296 685 368 701 Essentia
379 690 448 706 namque
459 685 514 701 divina
527 685 591 701 realiter

215 709 257 725 idem
272 712 296 725 est
310 715 347 726 cnm
359 710 404 726 Patre
419 712 435 725 et
447 715 483 726 enm
498 710 590 730 generativa

215 734 250 754 ejus
261 735 338 754 potentia.

618 490 642 504 est
650 489 666 504 in
677 488 721 506 Filio.
730 488 757 509 qui
768 493 797 508 por
806 488 891 504 essentiam
900 487 940 503 Patri
950 487 995 503 iden-

619 513 695 531 tificatur,
703 515 719 528 et
729 512 743 528 ei
755 512 771 528 in
783 514 840 528 natura
850 512 907 528 similis
920 512 994 532 perhibe-

619 540 649 553 tur.
661 537 718 558 Sicque
730 537 799 553 essentia
809 537 864 553 divina
876 539 900 552 est
912 537 952 553 ratio
965 541 994 552 cur

619 562 658 578 Filio
665 560 739 583 generari
744 562 846 580 adscribitur,
855 562 870 577 in
879 563 956 582 qnantum
965 566 995 582 per

618 587 736 607 generationem
744 586 758 602 ei
766 591 776 602 a
783 586 828 602 Patre
836 586 904 602 essentis
912 586 946 606 ipsa
954 590 994 602 conr-

619 611 715 627 municstttr.
727 611 766 627 Hine
779 611 847 627 essentia
859 610 950 631 appellatur
963 612 994 626 ter-

619 636 672 651 minus
680 635 751 652 formalis
758 635 865 656 generationis
875 635 923 651 illius.
931 635 968 651 Erec
976 635 992 650 in

619 660 697 676 sententia
707 660 783 681 AEgidius.

638 709 715 726 Proterea
721 712 796 730 quan-unt
802 709 880 728 doctores,
885 714 904 725 an
911 709 957 725 Pater
964 714 992 725 seu

618 734 667 750 Filius
675 734 691 750 in
699 734 758 750 divinis
768 734 789 750 sit
796 739 815 750 ex
825 734 881 750 nihilo⁴
890 734 909 749 Et
918 734 938 750 de
948 734 993 750 Petne

235 758 257 774 Ex
269 759 362 780 praehabitis
374 764 438 780 quoqne
451 761 493 780 patet
506 764 590 780 argumen-
599 759 678 775 Gclarum
691 759 734 779 quod
746 763 784 774 non.
796 758 857 774 Dicitur
869 760 921 774 tamen
937 763 972 774 esse
983 764 993 774 a

215 785 268 799 torum
280 783 296 799 in
309 783 389 804 principio
401 783 493 804 questionis
507 784 555 804 liujus
568 784 590 799 la-

214 809 276 824 etorum
287 808 352 824 solutio.

234 857 280 873 Nunc
295 859 343 873 restat
357 857 445 876 ostendere,
458 862 478 873 an
491 860 507 873 et
521 858 590 878 qualiter

214 882 269 897 divina
281 882 355 900 essentia,
363 882 384 897 sit
394 882 472 898 terminus
482 883 590 902 generationis

214 906 278 922 divinoe.
287 906 307 922 Et
317 907 359 922 sicut
368 906 401 927 jam
415 907 471 927 patuit,
480 912 511 923 non
524 909 548 923 est
560 909 590 923 ter-

215 931 268 946 minus
276 931 295 947 ad
303 936 357 952 quem,
364 931 379 947 id
387 934 416 950 est,
424 936 455 947 non
464 934 487 947 est
495 931 511 947 id
519 932 538 947 ad
548 932 589 952 quod

214 955 280 975 directe,
286 960 323 971 vere
330 958 346 972 et
354 956 418 976 proprie
426 956 507 976 generatio
515 957 590 972 termina-

214 982 245 999 tur,
258 981 296 1000 qnia
308 985 339 996 non
352 983 442 1001 generatur.
455 981 511 996 Scotus
523 985 561 997 vero
573 981 589 996 in

214 1004 307 1025 praehabitis
315 1004 368 1020 innuit
376 1005 435 1023 verbis,
440 1005 481 1025 quod
490 1005 510 1021 sit
518 1005 590 1021 formalis

213 1029 292 1045 terminus
299 1029 407 1049 generationis
415 1029 464 1048 illius,
470 1030 508 1050 quia
516 1030 590 1045 videlicet

618 784 662 799 nullo
674 788 678 799 z
690 783 728 804 quia
739 783 761 799 nil
774 785 810 799 ante
820 788 842 802 se,
853 788 882 799 nec
895 783 939 799 aliud
949 788 959 799 a
969 788 992 802 se,

618 813 646 824 nec
654 808 694 824 alius
702 813 711 824 a
720 813 743 827 se,
751 810 775 824 est
784 808 815 824 sibi
826 813 873 824 eausa
882 810 910 823 aut
920 808 961 824 ratio
969 813 993 824 es-

617 833 667 849 sendi.
676 833 705 848 Sed
716 833 775 848 dicitur
786 837 819 848 esse
829 837 838 848 a
848 837 864 848 se
876 833 916 853 ipso,
924 833 949 848 vel
961 833 991 848 sihi

618 858 648 879 ipsi
659 862 693 873 esse
705 857 781 873 exhihere
790 862 793 873 τ
802 862 833 873 non
845 857 886 878 quod
898 858 919 873 sit
928 857 992 873 realiter

617 887 665 898 causa
674 882 699 898 sui
710 882 769 902 ipsius3
780 882 807 898 sed
818 882 857 897 tales
868 881 955 898 locutiones
967 887 992 897 ex-

618 907 695 928 ponendae
702 909 739 923 sunt
747 907 825 927 negative,
834 908 852 922 ut
859 906 880 922 sit
887 911 943 922 sensus
952 911 956 922 :
964 906 991 922 Est

618 937 627 947 a
639 936 655 947 se
667 932 706 952 ipso,
715 931 730 947 id
742 933 766 947 est
776 936 807 947 non
819 931 839 947 ab
850 931 890 951 alio·,
899 933 914 947 et
926 931 991 947 exhibet

617 956 648 972 sihi
660 961 700 975 esse,
709 956 725 971 id
737 957 766 974 est,
776 956 841 971 aliunde
853 960 885 971 non
898 955 951 974 hahet,
962 960 991 971 nec

618 981 681 1001 accipit.
690 980 761 1001 Denique
771 980 820 996 Filius
830 985 861 996 non
872 982 896 996 est
905 985 924 996 ex
934 980 991 999 nihilo,

617 1005 691 1026 quamvis
702 1009 733 1020 non
745 1005 765 1020 sit
777 1009 797 1021 ex
809 1004 904 1025 praajacente
915 1005 991 1023 materia:

618 1034 647 1046 nec
657 1032 682 1045 est
692 1034 711 1045 ex
723 1029 774 1045 nihilo
785 1029 830 1050 quasi
842 1029 882 1045 nihil
894 1029 914 1045 sit
925 1029 992 1045 materia

213 1058 242 1074 per
252 1054 371 1074 generationem
383 1054 423 1070 Filio
434 1054 562 1070 communicatur
572 1059 590 1070 ac
598 1056 610 1071 l)
618 1059 637 1070 ex
649 1059 687 1075 qua,
696 1054 723 1070 scd
736 1059 755 1070 ox
767 1054 856 1069 substantia
868 1053 918 1069 Patris
929 1056 954 1069 est
965 1058 992 1074 ge-

213 1078 265 1096 datur,
273 1080 289 1093 et
302 1078 351 1094 Filius
364 1078 407 1094 nasci
419 1079 500 1097 asseritur,
511 1079 526 1094 in
540 1084 590 1099 qnan-

213 1104 247 1118 tum
259 1107 288 1123 per
297 1103 416 1123 generationem
427 1108 436 1119 a
445 1103 490 1119 Patre
500 1103 559 1124 accipit
569 1104 591 1119 ‹ti-

213 1127 267 1143 vinam
278 1129 357 1143 naturam.

237 1152 276 1168 Hinc
289 1152 345 1168 scribit
356 1152 428 1172 AEgidius
442 1157 445 1168 :
459 1152 474 1168 ln
487 1153 590 1173 generatione

213 1176 320 1195 sensibilium,
331 1177 395 1193 termini
408 1177 510 1198 accipiuntur
523 1178 590 1198 triplici-

213 1203 242 1220 ter,
254 1202 342 1217 secundum
356 1202 398 1222 quod
410 1202 492 1222 generatio
504 1202 590 1222 tripliciter

213 1226 324 1242 consideratur
332 1231 336 1242 ε
345 1226 397 1247 primo
408 1226 488 1245 videlicet,
497 1228 514 1242 ut
524 1229 548 1242 cst
556 1231 590 1242 rnu-

214 1251 261 1271 tatio3
269 1251 345 1269 secundo,
354 1253 371 1266 ut
382 1253 406 1266 cst
415 1251 457 1267 actio
466 1255 494 1266 seu
503 1251 518 1267 in
527 1251 590 1267 actione

213 1275 311 1294 consistens:
319 1276 372 1294 tertio,
381 1278 398 1291 ut
406 1278 429 1291 est
437 1276 463 1291 via
473 1278 488 1291 ct
496 1276 590 1292 assimilatio

214 1299 231 1315 in
239 1302 296 1316 natura
302 1300 352 1321 geniti
360 1300 379 1316 ad
390 1301 487 1320 gignentem.
495 1300 548 1316 Primo
558 1305 591 1317 mo-

215 1325 241 1343 do,
249 1325 313 1340 termini
321 1325 428 1345 generationis
436 1327 478 1343 sunt,
488 1329 518 1341 non
527 1330 567 1344 esse,
575 1328 590 1341 et

618 1079 666 1095 nitus⁴

637 1104 677 1119 Hinc
688 1104 711 1119 ait
722 1103 804 1119 Durandus
814 1107 817 1119 :
826 1103 863 1118 Esse
873 1103 892 1119 de
902 1103 959 1121 nihilo,
968 1105 992 1118 est

617 1133 648 1144 non
657 1128 715 1144 hahere
724 1128 739 1143 in
748 1132 765 1143 se
772 1127 832 1148 aliquid
839 1127 881 1148 quod
889 1132 921 1143 nou
929 1128 949 1143 sit
958 1132 993 1148 pm-

617 1153 682 1169 ‹luctnm
695 1153 716 1168 ab
727 1153 764 1171 alio,
778 1152 799 1168 ita
811 1152 853 1173 quod
868 1152 898 1168 sibi
912 1152 942 1173 ipsi
956 1153 992 1168 reli-

617 1180 666 1196 ctum,
680 1178 760 1193 laberetur
773 1177 788 1193 in
802 1177 848 1193 nihil,
860 1177 920 1193 Idcirco
932 1182 992 1198 nequa<

617 1207 665 1223 quam
673 1202 759 1218 dicendum
766 1202 809 1222 quod
817 1202 867 1217 Filius
874 1201 900 1217 Dei
909 1202 930 1217 sit.
939 1207 958 1217 ex
966 1202 991 1218 vel

617 1227 637 1242 de
648 1227 704 1245 nihilo,
712 1227 750 1247 quia
761 1227 777 1242 in
788 1226 828 1242 Filio
839 1228 862 1242 est
873 1226 928 1242 divina
938 1231 992 1242 essen-

618 1252 645 1270 tia.
658 1256 667 1267 a
680 1251 724 1267 nullo
738 1251 819 1272 producta,
833 1253 848 1267 et
861 1251 913 1271 ipsum
927 1256 991 1267 neeesse

617 1279 641 1292 est
651 1281 691 1292 esse⁴

638 1300 706 1317 Thomas
713 1305 777 1321 quoqne
785 1300 808 1316 ait
817 1305 820 1316 :
829 1300 886 1316 Differt
895 1301 954 1319 dicere,
962 1301 992 1316 ali-

618 1325 657 1346 quid
669 1330 700 1341 non
712 1330 747 1340 esse
759 1330 778 1340 ex
790 1325 850 1345 aliquo,
859 1327 875 1340 et
885 1325 946 1345 aliquid
957 1330 991 1341 esso
