<?xml version="1.0" encoding="UTF-8"?>
<!DOCTYPE html PUBLIC "-//W3C//DTD XHTML 1.0 Transitional//EN"
    "http://www.w3.org/TR/xhtml1/DTD/xhtml1-transitional.dtd">
<html xmlns="http://www.w3.org/1999/xhtml" xml:lang="en" lang="en">
 <head>
  <title>
</title>
<meta http-equiv="Content-Type" content="text/html;charset=utf-8" />
  <meta name='ocr-system' content='tesseract 3.04.00' />
  <meta name='ocr-capabilities' content='ocr_page ocr_carea ocr_par ocr_line ocrx_word'/>
</head>
<body>
  <div class='ocr_page' id='page_1' title='image "./doctorisecstati08unkngoog/doctorisecstati08unkngoog_0572.png"; bbox 0 0 1088 1569; ppageno 0'>
   <div class='ocr_carea' id='block_1_1' title="bbox 31 303 92 316">
    <p class='ocr_par' dir='ltr' id='par_1_1' title="bbox 31 303 92 316">
     <span class='ocr_line' id='line_1_1' title="bbox 31 303 92 316; baseline 0 -3"><span class='ocrx_word' id='word_1_1' title='bbox 31 303 92 316; x_wconf 51' lang='lat' dir='ltr'>tineam,</span> 
     </span>
    </p>
   </div>
   <div class='ocr_carea' id='block_1_2' title="bbox 27 399 92 411">
    <p class='ocr_par' dir='ltr' id='par_1_2' title="bbox 27 399 92 411">
     <span class='ocr_line' id='line_1_2' title="bbox 27 399 92 411; baseline 0 -2"><span class='ocrx_word' id='word_1_2' title='bbox 27 399 68 411; x_wconf 58' lang='lat' dir='ltr'>sen-r.</span> <span class='ocrx_word' id='word_1_3' title='bbox 73 399 92 410; x_wconf 70' lang='lat' dir='ltr'>st.</span> 
     </span>
    </p>
   </div>
   <div class='ocr_carea' id='block_1_3' title="bbox 29 546 87 558">
    <p class='ocr_par' dir='ltr' id='par_1_3' title="bbox 29 546 87 558">
     <span class='ocr_line' id='line_1_3' title="bbox 29 546 87 558; baseline 0.017 -2"><span class='ocrx_word' id='word_1_4' title='bbox 29 546 55 557; x_wconf 59' lang='lat' dir='ltr'>tant,</span> <span class='ocrx_word' id='word_1_5' title='bbox 60 550 71 558; x_wconf 81' lang='grc' dir='ltr'>ιι.</span> <span class='ocrx_word' id='word_1_6' title='bbox 76 547 87 557; x_wconf 77' lang='lat'>2.</span> 
     </span>
    </p>
   </div>
   <div class='ocr_carea' id='block_1_4' title="bbox 28 744 92 781">
    <p class='ocr_par' dir='ltr' id='par_1_4' title="bbox 28 744 92 781">
     <span class='ocr_line' id='line_1_4' title="bbox 31 744 89 756; baseline 0 -1"><span class='ocrx_word' id='word_1_7' title='bbox 31 744 45 755; x_wconf 66' lang='lat' dir='ltr'>ln</span> <span class='ocrx_word' id='word_1_8' title='bbox 53 748 74 756; x_wconf 71' lang='lat' dir='ltr'>un.</span> <span class='ocrx_word' id='word_1_9' title='bbox 78 745 89 755; x_wconf 40' lang='lat' dir='ltr'>si</span> 
     </span>
     <span class='ocr_line' id='line_1_5' title="bbox 28 769 92 781; baseline 0 -2"><span class='ocrx_word' id='word_1_10' title='bbox 28 769 59 779; x_wconf 69' lang='lat' dir='ltr'>um.</span> <span class='ocrx_word' id='word_1_11' title='bbox 65 772 76 781; x_wconf 67' lang='lat' dir='ltr'>n,</span> <span class='ocrx_word' id='word_1_12' title='bbox 81 770 92 780; x_wconf 71' lang='lat' dir='ltr'>a.</span> 
     </span>
    </p>
   </div>
   <div class='ocr_carea' id='block_1_5' title="bbox 27 893 93 904">
    <p class='ocr_par' dir='ltr' id='par_1_5' title="bbox 27 893 93 904">
     <span class='ocr_line' id='line_1_6' title="bbox 27 893 93 904; baseline 0.015 -1"><span class='ocrx_word' id='word_1_13' title='bbox 27 893 93 904; x_wconf 52' lang='lat' dir='ltr'>nanno.</span> 
     </span>
    </p>
   </div>
   <div class='ocr_carea' id='block_1_6' title="bbox 27 918 92 944">
    <p class='ocr_par' dir='ltr' id='par_1_6' title="bbox 27 918 92 944">
     <span class='ocr_line' id='line_1_7' title="bbox 34 918 92 930; baseline 0.017 -2"><span class='ocrx_word' id='word_1_14' title='bbox 34 918 76 929; x_wconf 62' lang='lat' dir='ltr'>canu.</span> <span class='ocrx_word' id='word_1_15' title='bbox 81 921 92 930; x_wconf 84' lang='lat' dir='ltr'>n.</span> 
     </span>
     <span class='ocr_line' id='line_1_8' title="bbox 27 935 36 944; baseline 0 0"><span class='ocrx_word' id='word_1_16' title='bbox 27 935 36 944; x_wconf 68' lang='grc' dir='ltr'>τι.</span> 
     </span>
    </p>
   </div>
   <div class='ocr_carea' id='block_1_7' title="bbox 152 125 879 145">
    <p class='ocr_par' dir='ltr' id='par_1_7' title="bbox 152 125 879 145">
     <span class='ocr_line' id='line_1_9' title="bbox 152 125 879 145; baseline -0.003 -2"><span class='ocrx_word' id='word_1_17' title='bbox 152 131 174 142; x_wconf 74' lang='grc' dir='ltr'>ΛΠ</span> <span class='ocrx_word' id='word_1_18' title='bbox 184 131 247 143; x_wconf 60' lang='grc' dir='ltr'>ΙΙΙ-Μῦς</span> <span class='ocrx_word' id='word_1_19' title='bbox 256 132 309 143; x_wconf 67' lang='lat' dir='ltr'>nasus</span> <span class='ocrx_word' id='word_1_20' title='bbox 320 132 343 143; x_wconf 81' lang='lat' dir='ltr'>sn·</span> <span class='ocrx_word' id='word_1_21' title='bbox 353 131 420 143; x_wconf 65' lang='lat' dir='ltr'>artulfus</span> <span class='ocrx_word' id='word_1_22' title='bbox 431 130 497 143; x_wconf 62' lang='lat' dir='ltr'>ulturus</span> <span class='ocrx_word' id='word_1_23' title='bbox 507 131 544 143; x_wconf 67' lang='lat' dir='ltr'>rost·</span> <span class='ocrx_word' id='word_1_24' title='bbox 554 131 678 142; x_wconf 70' lang='lat' dir='ltr'>tttuannartonn</span> <span class='ocrx_word' id='word_1_25' title='bbox 688 131 730 145; x_wconf 62' lang='lat' dir='ltr'>uum</span> <span class='ocrx_word' id='word_1_26' title='bbox 740 130 786 145; x_wconf 63' lang='lat' dir='ltr'>am,</span> <span class='ocrx_word' id='word_1_27' title='bbox 794 130 827 142; x_wconf 70' lang='lat' dir='ltr'>sm.</span> <span class='ocrx_word' id='word_1_28' title='bbox 848 125 879 141; x_wconf 74' lang='lat'>1555</span> 
     </span>
    </p>
   </div>
   <div class='ocr_carea' id='block_1_8' title="bbox 100 173 879 194">
    <p class='ocr_par' dir='ltr' id='par_1_8' title="bbox 100 173 879 194">
     <span class='ocr_line' id='line_1_10' title="bbox 100 173 879 194; baseline -0.001 -5"><span class='ocrx_word' id='word_1_29' title='bbox 100 174 144 189; x_wconf 78' lang='lat' dir='ltr'>catio</span> <span class='ocrx_word' id='word_1_30' title='bbox 151 178 183 190; x_wconf 87' lang='lat' dir='ltr'>uon</span> <span class='ocrx_word' id='word_1_31' title='bbox 193 174 245 190; x_wconf 85' lang='lat' dir='ltr'>solum</span> <span class='ocrx_word' id='word_1_32' title='bbox 252 176 277 189; x_wconf 87' lang='lat' dir='ltr'>est</span> <span class='ocrx_word' id='word_1_33' title='bbox 286 179 295 189; x_wconf 88' lang='lat' dir='ltr'>a</span> <span class='ocrx_word' id='word_1_34' title='bbox 303 174 383 190; x_wconf 89' lang='lat' dir='ltr'>contrario</span> <span class='ocrx_word' id='word_1_35' title='bbox 390 174 476 192; x_wconf 82' lang='lat' dir='ltr'>sanctitati,</span> <span class='ocrx_word' id='word_1_36' title='bbox 485 173 497 189; x_wconf 87' lang='grc' dir='ltr'><strong>Α</strong></span> <span class='ocrx_word' id='word_1_37' title='bbox 504 175 582 194; x_wconf 83' lang='lat' dir='ltr'>quantum</span> <span class='ocrx_word' id='word_1_38' title='bbox 595 174 614 189; x_wconf 85' lang='lat' dir='ltr'>ad</span> <span class='ocrx_word' id='word_1_39' title='bbox 628 173 740 189; x_wconf 69' lang='lat' dir='ltr'>certitudinem</span> <span class='ocrx_word' id='word_1_40' title='bbox 753 178 801 193; x_wconf 84' lang='lat' dir='ltr'>super</span> <span class='ocrx_word' id='word_1_41' title='bbox 813 173 879 193; x_wconf 76' lang='lat' dir='ltr'>cogniti-</span> 
     </span>
    </p>
   </div>
   <div class='ocr_carea' id='block_1_9' title="bbox 100 198 478 465">
    <p class='ocr_par' dir='ltr' id='par_1_9' title="bbox 100 198 478 465">
     <span class='ocr_line' id='line_1_11' title="bbox 100 198 478 222; baseline 0 -8"><span class='ocrx_word' id='word_1_42' title='bbox 100 198 129 214; x_wconf 78' lang='lat' dir='ltr'>sed</span> <span class='ocrx_word' id='word_1_43' title='bbox 141 199 189 214; x_wconf 81' lang='lat' dir='ltr'>etiam</span> <span class='ocrx_word' id='word_1_44' title='bbox 201 199 221 214; x_wconf 84' lang='lat' dir='ltr'>ab</span> <span class='ocrx_word' id='word_1_45' title='bbox 233 198 327 219; x_wconf 69' lang='lat' dir='ltr'>imperfecta</span> <span class='ocrx_word' id='word_1_46' title='bbox 339 199 428 222; x_wconf 70' lang='lat' dir='ltr'>sanctitate,</span> <span class='ocrx_word' id='word_1_47' title='bbox 436 198 478 214; x_wconf 82' lang='lat' dir='ltr'>sicut</span> 
     </span>
     <span class='ocr_line' id='line_1_12' title="bbox 101 223 477 243; baseline 0 -4"><span class='ocrx_word' id='word_1_48' title='bbox 101 223 118 238; x_wconf 88' lang='lat' dir='ltr'>in</span> <span class='ocrx_word' id='word_1_49' title='bbox 131 223 232 239; x_wconf 78' lang='lat' dir='ltr'>naturalibus</span> <span class='ocrx_word' id='word_1_50' title='bbox 247 225 299 239; x_wconf 83' lang='lat' dir='ltr'>motus</span> <span class='ocrx_word' id='word_1_51' title='bbox 311 228 343 239; x_wconf 89' lang='lat' dir='ltr'>non</span> <span class='ocrx_word' id='word_1_52' title='bbox 357 225 381 239; x_wconf 78' lang='lat' dir='ltr'>cat</span> <span class='ocrx_word' id='word_1_53' title='bbox 393 227 457 243; x_wconf 78' lang='lat' dir='ltr'>semper</span> <span class='ocrx_word' id='word_1_54' title='bbox 468 228 477 238; x_wconf 94' lang='lat' dir='ltr'>a</span> 
     </span>
     <span class='ocr_line' id='line_1_13' title="bbox 100 247 478 269; baseline 0 -5"><span class='ocrx_word' id='word_1_55' title='bbox 100 248 187 267; x_wconf 78' lang='lat' dir='ltr'>contrario,</span> <span class='ocrx_word' id='word_1_56' title='bbox 195 248 223 264; x_wconf 82' lang='lat' dir='ltr'>sed</span> <span class='ocrx_word' id='word_1_57' title='bbox 234 248 330 269; x_wconf 78' lang='lat' dir='ltr'>quandoque</span> <span class='ocrx_word' id='word_1_58' title='bbox 341 253 350 264; x_wconf 83' lang='lat' dir='ltr'>e</span> <span class='ocrx_word' id='word_1_59' title='bbox 359 248 418 264; x_wconf 61' lang='lat' dir='ltr'>medio,</span> <span class='ocrx_word' id='word_1_60' title='bbox 427 247 452 263; x_wconf 83' lang='lat' dir='ltr'>Sic</span> <span class='ocrx_word' id='word_1_61' title='bbox 462 249 478 263; x_wconf 80' lang='lat' dir='ltr'>et</span> 
     </span>
     <span class='ocr_line' id='line_1_14' title="bbox 101 272 477 293; baseline 0 -5"><span class='ocrx_word' id='word_1_62' title='bbox 101 273 118 288; x_wconf 90' lang='lat' dir='ltr'>in</span> <span class='ocrx_word' id='word_1_63' title='bbox 133 273 194 293; x_wconf 76' lang='lat' dir='ltr'>angelis</span> <span class='ocrx_word' id='word_1_64' title='bbox 207 273 272 293; x_wconf 88' lang='lat' dir='ltr'>ponitur</span> <span class='ocrx_word' id='word_1_65' title='bbox 285 273 364 293; x_wconf 80' lang='lat' dir='ltr'>purgatio.</span> <span class='ocrx_word' id='word_1_66' title='bbox 377 272 421 288; x_wconf 83' lang='lat' dir='ltr'>Unde</span> <span class='ocrx_word' id='word_1_67' title='bbox 433 275 448 288; x_wconf 83' lang='lat' dir='ltr'>et</span> <span class='ocrx_word' id='word_1_68' title='bbox 461 272 477 288; x_wconf 91' lang='lat' dir='ltr'>in</span> 
     </span>
     <span class='ocr_line' id='line_1_15' title="bbox 100 297 478 318; baseline 0 -5"><span class='ocrx_word' id='word_1_69' title='bbox 100 297 197 318; x_wconf 71' lang='lat' dir='ltr'><strong>Apocalypsi</strong></span> <span class='ocrx_word' id='word_1_70' title='bbox 208 297 266 318; x_wconf 77' lang='lat' dir='ltr'>legitur</span> <span class='ocrx_word' id='word_1_71' title='bbox 277 302 280 313; x_wconf 79' lang='grc' dir='ltr'><em>ι</em></span> <span class='ocrx_word' id='word_1_72' title='bbox 291 297 357 313; x_wconf 79' lang='lat' dir='ltr'>Sanctus</span> <span class='ocrx_word' id='word_1_73' title='bbox 367 297 478 313; x_wconf 73' lang='lat' dir='ltr'>sanctificetur</span> 
     </span>
     <span class='ocr_line' id='line_1_16' title="bbox 100 321 478 343; baseline 0 -6"><span class='ocrx_word' id='word_1_74' title='bbox 100 322 159 337; x_wconf 77' lang='lat' dir='ltr'>adhuc.</span> <span class='ocrx_word' id='word_1_75' title='bbox 166 322 205 338; x_wconf 80' lang='lat' dir='ltr'>Hinc</span> <span class='ocrx_word' id='word_1_76' title='bbox 213 322 292 338; x_wconf 60' lang='lat' dir='ltr'>dubitatio</span> <span class='ocrx_word' id='word_1_77' title='bbox 300 322 332 341; x_wconf 83' lang='lat' dir='ltr'>illa,</span> <span class='ocrx_word' id='word_1_78' title='bbox 337 327 357 338; x_wconf 82' lang='lat' dir='ltr'>an</span> <span class='ocrx_word' id='word_1_79' title='bbox 365 322 435 343; x_wconf 84' lang='lat' dir='ltr'>Spiritus</span> <span class='ocrx_word' id='word_1_80' title='bbox 442 321 478 337; x_wconf 83' lang='lat' dir='ltr'>Sun-</span> 
     </span>
     <span class='ocr_line' id='line_1_17' title="bbox 100 346 478 367; baseline 0 -5"><span class='ocrx_word' id='word_1_81' title='bbox 100 349 136 362; x_wconf 80' lang='lat' dir='ltr'>ctua</span> <span class='ocrx_word' id='word_1_82' title='bbox 147 347 219 362; x_wconf 83' lang='lat' dir='ltr'>mittatur</span> <span class='ocrx_word' id='word_1_83' title='bbox 229 347 245 362; x_wconf 92' lang='lat' dir='ltr'>in</span> <span class='ocrx_word' id='word_1_84' title='bbox 257 346 329 367; x_wconf 73' lang='lat' dir='ltr'>proiectu</span> <span class='ocrx_word' id='word_1_85' title='bbox 341 347 413 367; x_wconf 77' lang='lat' dir='ltr'>ejusdem</span> <span class='ocrx_word' id='word_1_86' title='bbox 423 346 478 367; x_wconf 73' lang='lat' dir='ltr'>gratim</span> 
     </span>
     <span class='ocr_line' id='line_1_18' title="bbox 100 371 478 391; baseline 0 -4"><span class='ocrx_word' id='word_1_87' title='bbox 100 375 120 386; x_wconf 79' lang='lat' dir='ltr'>ac</span> <span class='ocrx_word' id='word_1_88' title='bbox 131 371 201 390; x_wconf 88' lang='lat' dir='ltr'>virtutis,</span> <span class='ocrx_word' id='word_1_89' title='bbox 210 371 294 387; x_wconf 71' lang='lat' dir='ltr'>terminata</span> <span class='ocrx_word' id='word_1_90' title='bbox 303 373 327 387; x_wconf 69' lang='lat' dir='ltr'>est</span> <span class='ocrx_word' id='word_1_91' title='bbox 337 371 352 387; x_wconf 91' lang='lat' dir='ltr'>in</span> <span class='ocrx_word' id='word_1_92' title='bbox 363 371 429 387; x_wconf 79' lang='lat' dir='ltr'>Actibus</span> <span class='ocrx_word' id='word_1_93' title='bbox 439 371 478 391; x_wconf 80' lang='lat' dir='ltr'>Apo-</span> 
     </span>
     <span class='ocr_line' id='line_1_19' title="bbox 100 396 478 416; baseline 0 -5"><span class='ocrx_word' id='word_1_94' title='bbox 100 396 185 415; x_wconf 73' lang='lat' dir='ltr'>stolorum,</span> <span class='ocrx_word' id='word_1_95' title='bbox 193 401 225 416; x_wconf 87' lang='lat' dir='ltr'>quo</span> <span class='ocrx_word' id='word_1_96' title='bbox 234 396 284 412; x_wconf 77' lang='lat' dir='ltr'>fertur</span> <span class='ocrx_word' id='word_1_97' title='bbox 291 401 294 412; x_wconf 88' lang='grc'>;</span> <span class='ocrx_word' id='word_1_98' title='bbox 300 396 352 414; x_wconf 82' lang='lat' dir='ltr'>Quum</span> <span class='ocrx_word' id='word_1_99' title='bbox 359 398 437 414; x_wconf 81' lang='lat' dir='ltr'>orassent,</span> <span class='ocrx_word' id='word_1_100' title='bbox 445 400 478 411; x_wconf 77' lang='lat' dir='ltr'>mo—</span> 
     </span>
     <span class='ocr_line' id='line_1_20' title="bbox 100 420 478 441; baseline 0 -5"><span class='ocrx_word' id='word_1_101' title='bbox 100 422 128 436; x_wconf 82' lang='lat' dir='ltr'>tus</span> <span class='ocrx_word' id='word_1_102' title='bbox 134 422 159 436; x_wconf 80' lang='lat' dir='ltr'>est</span> <span class='ocrx_word' id='word_1_103' title='bbox 169 420 213 436; x_wconf 88' lang='lat' dir='ltr'>locus</span> <span class='ocrx_word' id='word_1_104' title='bbox 223 420 239 436; x_wconf 94' lang='lat' dir='ltr'>in</span> <span class='ocrx_word' id='word_1_105' title='bbox 250 425 282 441; x_wconf 86' lang='lat' dir='ltr'>quo</span> <span class='ocrx_word' id='word_1_106' title='bbox 292 423 342 439; x_wconf 82' lang='lat' dir='ltr'>erant,</span> <span class='ocrx_word' id='word_1_107' title='bbox 351 423 366 436; x_wconf 90' lang='lat' dir='ltr'>et</span> <span class='ocrx_word' id='word_1_108' title='bbox 375 420 431 441; x_wconf 79' lang='lat' dir='ltr'>repleti</span> <span class='ocrx_word' id='word_1_109' title='bbox 441 422 478 436; x_wconf 83' lang='lat' dir='ltr'>aunt</span> 
     </span>
     <span class='ocr_line' id='line_1_21' title="bbox 100 444 476 465; baseline 0 -5"><span class='ocrx_word' id='word_1_110' title='bbox 100 445 162 465; x_wconf 90' lang='lat' dir='ltr'>Spiritu</span> <span class='ocrx_word' id='word_1_111' title='bbox 178 445 241 463; x_wconf 86' lang='lat' dir='ltr'>Sancto,</span> <span class='ocrx_word' id='word_1_112' title='bbox 256 447 272 460; x_wconf 82' lang='lat' dir='ltr'>ot</span> <span class='ocrx_word' id='word_1_113' title='bbox 288 445 396 465; x_wconf 68' lang='lat' dir='ltr'><strong>loquebantur</strong></span> <span class='ocrx_word' id='word_1_114' title='bbox 409 444 476 460; x_wconf 78' lang='lat' dir='ltr'>verbum</span> 
     </span>
    </p>
   </div>
   <div class='ocr_carea' id='block_1_10' title="bbox 504 197 880 367">
    <p class='ocr_par' dir='ltr' id='par_1_10' title="bbox 504 197 880 367">
     <span class='ocr_line' id='line_1_22' title="bbox 504 197 879 219; baseline -0.003 -5"><span class='ocrx_word' id='word_1_115' title='bbox 504 203 551 214; x_wconf 82' lang='lat' dir='ltr'>onem</span> <span class='ocrx_word' id='word_1_116' title='bbox 562 203 591 219; x_wconf 79' lang='lat' dir='ltr'>per</span> <span class='ocrx_word' id='word_1_117' title='bbox 601 203 671 217; x_wconf 74' lang='lat' dir='ltr'>causam,</span> <span class='ocrx_word' id='word_1_118' title='bbox 679 200 731 213; x_wconf 84' lang='lat' dir='ltr'>tamen</span> <span class='ocrx_word' id='word_1_119' title='bbox 743 197 817 218; x_wconf 85' lang='lat' dir='ltr'>pluribus</span> <span class='ocrx_word' id='word_1_120' title='bbox 828 197 879 213; x_wconf 82' lang='lat' dir='ltr'>modis</span> 
     </span>
     <span class='ocr_line' id='line_1_23' title="bbox 505 222 880 243; baseline -0.003 -4"><span class='ocrx_word' id='word_1_121' title='bbox 505 228 540 239; x_wconf 76' lang='lat' dir='ltr'>eam</span> <span class='ocrx_word' id='word_1_122' title='bbox 551 223 640 243; x_wconf 53' lang='lat' dir='ltr'>cognoscin</span> <span class='ocrx_word' id='word_1_123' title='bbox 651 223 673 239; x_wconf 84' lang='lat' dir='ltr'>ita</span> <span class='ocrx_word' id='word_1_124' title='bbox 682 223 724 239; x_wconf 81' lang='lat' dir='ltr'>Beati</span> <span class='ocrx_word' id='word_1_125' title='bbox 736 227 765 243; x_wconf 85' lang='lat' dir='ltr'>per</span> <span class='ocrx_word' id='word_1_126' title='bbox 775 222 880 238; x_wconf 71' lang='lat' dir='ltr'>revelationes</span> 
     </span>
     <span class='ocr_line' id='line_1_24' title="bbox 505 247 879 269; baseline -0.005 -5"><span class='ocrx_word' id='word_1_127' title='bbox 505 252 544 269; x_wconf 78' lang='lat' dir='ltr'>quas</span> <span class='ocrx_word' id='word_1_128' title='bbox 559 248 634 264; x_wconf 89' lang='lat' dir='ltr'>continue</span> <span class='ocrx_word' id='word_1_129' title='bbox 649 252 658 263; x_wconf 91' lang='lat' dir='ltr'>a</span> <span class='ocrx_word' id='word_1_130' title='bbox 673 248 704 264; x_wconf 83' lang='lat' dir='ltr'>Deo</span> <span class='ocrx_word' id='word_1_131' title='bbox 718 247 804 268; x_wconf 82' lang='lat' dir='ltr'>recipiunt,</span> <span class='ocrx_word' id='word_1_132' title='bbox 818 247 847 263; x_wconf 86' lang='lat' dir='ltr'>olai</span> <span class='ocrx_word' id='word_1_133' title='bbox 863 247 879 262; x_wconf 93' lang='lat' dir='ltr'>in</span> 
     </span>
     <span class='ocr_line' id='line_1_25' title="bbox 505 272 880 293; baseline -0.003 -5"><span class='ocrx_word' id='word_1_134' title='bbox 505 277 559 289; x_wconf 68' lang='lat' dir='ltr'>:more</span> <span class='ocrx_word' id='word_1_135' title='bbox 566 273 594 288; x_wconf 87' lang='lat' dir='ltr'>Dei</span> <span class='ocrx_word' id='word_1_136' title='bbox 603 278 633 289; x_wconf 87' lang='lat' dir='ltr'>non</span> <span class='ocrx_word' id='word_1_137' title='bbox 644 273 694 293; x_wconf 76' lang='lat' dir='ltr'>magis</span> <span class='ocrx_word' id='word_1_138' title='bbox 704 272 797 293; x_wconf 82' lang='lat' dir='ltr'>proficiunt,</span> <span class='ocrx_word' id='word_1_139' title='bbox 806 272 880 293; x_wconf 88' lang='lat' dir='ltr'>pluribus</span> 
     </span>
     <span class='ocr_line' id='line_1_26' title="bbox 505 297 880 317; baseline -0.003 -4"><span class='ocrx_word' id='word_1_140' title='bbox 505 299 558 313; x_wconf 88' lang='lat' dir='ltr'>tamen</span> <span class='ocrx_word' id='word_1_141' title='bbox 571 297 623 313; x_wconf 84' lang='lat' dir='ltr'>modis</span> <span class='ocrx_word' id='word_1_142' title='bbox 633 299 730 317; x_wconf 73' lang='lat' dir='ltr'>cognoscunt</span> <span class='ocrx_word' id='word_1_143' title='bbox 742 297 828 313; x_wconf 79' lang='lat' dir='ltr'>bonitatem</span> <span class='ocrx_word' id='word_1_144' title='bbox 839 297 880 312; x_wconf 86' lang='lat' dir='ltr'>divi-</span> 
     </span>
     <span class='ocr_line' id='line_1_27' title="bbox 506 322 880 343; baseline -0.003 -5"><span class='ocrx_word' id='word_1_145' title='bbox 506 327 543 338; x_wconf 83' lang='lat' dir='ltr'>nam</span> <span class='ocrx_word' id='word_1_146' title='bbox 554 327 588 338; x_wconf 79' lang='lat' dir='ltr'>esso</span> <span class='ocrx_word' id='word_1_147' title='bbox 600 327 649 343; x_wconf 82' lang='lat' dir='ltr'>super</span> <span class='ocrx_word' id='word_1_148' title='bbox 661 322 715 338; x_wconf 81' lang='lat' dir='ltr'>omnia</span> <span class='ocrx_word' id='word_1_149' title='bbox 726 322 829 342; x_wconf 73' lang='lat' dir='ltr'>diligendam,</span> <span class='ocrx_word' id='word_1_150' title='bbox 837 326 880 337; x_wconf 84' lang='lat' dir='ltr'>eam-</span> 
     </span>
     <span class='ocr_line' id='line_1_28' title="bbox 506 346 878 367; baseline -0.003 -5"><span class='ocrx_word' id='word_1_151' title='bbox 506 352 537 367; x_wconf 86' lang='lat' dir='ltr'>que</span> <span class='ocrx_word' id='word_1_152' title='bbox 544 347 625 362; x_wconf 72' lang='lat' dir='ltr'>extensive</span> <span class='ocrx_word' id='word_1_153' title='bbox 633 347 669 367; x_wconf 88' lang='lat' dir='ltr'>plus</span> <span class='ocrx_word' id='word_1_154' title='bbox 677 347 751 367; x_wconf 79' lang='lat' dir='ltr'>diligunt.</span> <span class='ocrx_word' id='word_1_155' title='bbox 759 346 795 362; x_wconf 73' lang='lat' dir='ltr'>Haee</span> <span class='ocrx_word' id='word_1_156' title='bbox 802 346 878 366; x_wconf 44' lang='lat' dir='ltr'>AEgidiusi</span> 
     </span>
    </p>
   </div>
   <div class='ocr_carea' id='block_1_11' title="bbox 505 396 880 466">
    <p class='ocr_par' dir='ltr' id='par_1_11' title="bbox 505 396 880 466">
     <span class='ocr_line' id='line_1_29' title="bbox 525 396 879 417; baseline -0.006 -4"><span class='ocrx_word' id='word_1_157' title='bbox 525 396 548 413; x_wconf 79' lang='lat' dir='ltr'>Ad</span> <span class='ocrx_word' id='word_1_158' title='bbox 559 396 629 417; x_wconf 87' lang='lat' dir='ltr'>primum</span> <span class='ocrx_word' id='word_1_159' title='bbox 638 396 686 417; x_wconf 78' lang='lat' dir='ltr'>igitur</span> <span class='ocrx_word' id='word_1_160' title='bbox 695 396 829 417; x_wconf 80' lang='lat' dir='ltr'>respondendum,</span> <span class='ocrx_word' id='word_1_161' title='bbox 837 396 879 416; x_wconf 85' lang='lat' dir='ltr'>quod</span> 
     </span>
     <span class='ocr_line' id='line_1_30' title="bbox 505 420 880 441; baseline 0 -5"><span class='ocrx_word' id='word_1_162' title='bbox 505 421 602 436; x_wconf 76' lang='lat' dir='ltr'>sanctificari</span> <span class='ocrx_word' id='word_1_163' title='bbox 615 421 701 441; x_wconf 67' lang='lat' dir='ltr'>tripliciter</span> <span class='ocrx_word' id='word_1_164' title='bbox 712 420 775 436; x_wconf 68' lang='lat' dir='ltr'>{licitur⁴</span> <span class='ocrx_word' id='word_1_165' title='bbox 788 420 845 439; x_wconf 84' lang='lat' dir='ltr'>Pri-mo,</span> <span class='ocrx_word' id='word_1_166' title='bbox 857 425 880 436; x_wconf 75' lang='lat' dir='ltr'>se-</span> 
     </span>
     <span class='ocr_line' id='line_1_31' title="bbox 505 445 879 466; baseline -0.003 -5"><span class='ocrx_word' id='word_1_167' title='bbox 505 445 576 461; x_wconf 85' lang='lat' dir='ltr'>cundum</span> <span class='ocrx_word' id='word_1_168' title='bbox 587 445 629 466; x_wconf 83' lang='lat' dir='ltr'>quod</span> <span class='ocrx_word' id='word_1_169' title='bbox 641 448 715 461; x_wconf 85' lang='lat' dir='ltr'>sanctum</span> <span class='ocrx_word' id='word_1_170' title='bbox 725 445 785 461; x_wconf 88' lang='lat' dir='ltr'>dicitur</span> <span class='ocrx_word' id='word_1_171' title='bbox 795 445 879 463; x_wconf 84' lang='lat' dir='ltr'>mundum,</span> 
     </span>
    </p>
   </div>
   <div class='ocr_carea' id='block_1_12' title="bbox 100 468 880 490">
    <p class='ocr_par' dir='ltr' id='par_1_12' title="bbox 100 468 880 490">
     <span class='ocr_line' id='line_1_32' title="bbox 100 468 880 490; baseline 0 -5"><span class='ocrx_word' id='word_1_172' title='bbox 100 469 129 485; x_wconf 75' lang='lat' dir='ltr'>Dei</span> <span class='ocrx_word' id='word_1_173' title='bbox 145 474 181 485; x_wconf 87' lang='lat' dir='ltr'>cum</span> <span class='ocrx_word' id='word_1_174' title='bbox 195 469 260 485; x_wconf 76' lang='lat' dir='ltr'>fiducia.</span> <span class='ocrx_word' id='word_1_175' title='bbox 272 469 302 485; x_wconf 81' lang='lat' dir='ltr'>Ubi</span> <span class='ocrx_word' id='word_1_176' title='bbox 315 470 388 485; x_wconf 79' lang='lat' dir='ltr'>innuitur</span> <span class='ocrx_word' id='word_1_177' title='bbox 400 469 442 490; x_wconf 82' lang='lat' dir='ltr'>quod</span> <span class='ocrx_word' id='word_1_178' title='bbox 455 469 478 484; x_wconf 87' lang='lat' dir='ltr'>di·</span> <span class='ocrx_word' id='word_1_179' title='bbox 487 468 560 490; x_wconf 81' lang='lat' dir='ltr'>Bsicque</span> <span class='ocrx_word' id='word_1_180' title='bbox 575 470 682 486; x_wconf 69' lang='lat' dir='ltr'>sanctificatio</span> <span class='ocrx_word' id='word_1_181' title='bbox 694 470 753 485; x_wconf 90' lang='lat' dir='ltr'>dicitur</span> <span class='ocrx_word' id='word_1_182' title='bbox 767 469 859 485; x_wconf 84' lang='lat' dir='ltr'>emundatio</span> <span class='ocrx_word' id='word_1_183' title='bbox 871 474 880 485; x_wconf 87' lang='lat' dir='ltr'>a</span> 
     </span>
    </p>
   </div>
   <div class='ocr_carea' id='block_1_13' title="bbox 99 494 478 760">
    <p class='ocr_par' dir='ltr' id='par_1_13' title="bbox 99 494 478 760">
     <span class='ocr_line' id='line_1_33' title="bbox 100 494 478 515; baseline 0 -6"><span class='ocrx_word' id='word_1_184' title='bbox 100 496 160 509; x_wconf 84' lang='lat' dir='ltr'>cuntur</span> <span class='ocrx_word' id='word_1_185' title='bbox 169 494 225 515; x_wconf 83' lang='lat' dir='ltr'>repleti</span> <span class='ocrx_word' id='word_1_186' title='bbox 232 494 293 515; x_wconf 77' lang='lat' dir='ltr'>Spiritu</span> <span class='ocrx_word' id='word_1_187' title='bbox 300 494 358 510; x_wconf 83' lang='lat' dir='ltr'>Sancto</span> <span class='ocrx_word' id='word_1_188' title='bbox 365 498 384 510; x_wconf 84' lang='lat' dir='ltr'>ex</span> <span class='ocrx_word' id='word_1_189' title='bbox 392 495 478 514; x_wconf 70' lang='lat' dir='ltr'>augmento</span> 
     </span>
     <span class='ocr_line' id='line_1_34' title="bbox 101 518 478 540; baseline -0.003 -5"><span class='ocrx_word' id='word_1_190' title='bbox 101 518 166 535; x_wconf 73' lang='lat' dir='ltr'>fiducias</span> <span class='ocrx_word' id='word_1_191' title='bbox 174 519 249 540; x_wconf 86' lang='lat' dir='ltr'>loquendi</span> <span class='ocrx_word' id='word_1_192' title='bbox 257 519 325 535; x_wconf 78' lang='lat' dir='ltr'>verbum</span> <span class='ocrx_word' id='word_1_193' title='bbox 333 519 367 537; x_wconf 80' lang='lat' dir='ltr'>Dei,</span> <span class='ocrx_word' id='word_1_194' title='bbox 375 519 422 539; x_wconf 82' lang='lat' dir='ltr'>cujus</span> <span class='ocrx_word' id='word_1_195' title='bbox 430 518 478 534; x_wconf 80' lang='lat' dir='ltr'>actio-</span> 
     </span>
     <span class='ocr_line' id='line_1_35' title="bbox 101 543 477 564; baseline -0.003 -5"><span class='ocrx_word' id='word_1_196' title='bbox 101 544 126 559; x_wconf 85' lang='lat' dir='ltr'>nis</span> <span class='ocrx_word' id='word_1_197' title='bbox 133 543 200 563; x_wconf 70' lang='lat' dir='ltr'>gratiam</span> <span class='ocrx_word' id='word_1_198' title='bbox 210 543 243 564; x_wconf 82' lang='lat' dir='ltr'>jam</span> <span class='ocrx_word' id='word_1_199' title='bbox 251 545 288 559; x_wconf 79' lang='lat' dir='ltr'>ante</span> <span class='ocrx_word' id='word_1_200' title='bbox 299 545 391 564; x_wconf 75' lang='lat' dir='ltr'>receperant</span> <span class='ocrx_word' id='word_1_201' title='bbox 402 543 417 558; x_wconf 87' lang='lat' dir='ltr'>in</span> <span class='ocrx_word' id='word_1_202' title='bbox 427 543 477 563; x_wconf 81' lang='lat' dir='ltr'>igneis</span> 
     </span>
     <span class='ocr_line' id='line_1_36' title="bbox 100 567 477 589; baseline -0.003 -5"><span class='ocrx_word' id='word_1_203' title='bbox 100 568 165 589; x_wconf 75' lang='lat' dir='ltr'>tinguis.</span> <span class='ocrx_word' id='word_1_204' title='bbox 174 577 194 580; x_wconf 86' lang='lat'><strong>—</strong></span> <span class='ocrx_word' id='word_1_205' title='bbox 201 568 233 584; x_wconf 86' lang='lat' dir='ltr'>Nec</span> <span class='ocrx_word' id='word_1_206' title='bbox 243 568 295 584; x_wconf 89' lang='lat' dir='ltr'>solum</span> <span class='ocrx_word' id='word_1_207' title='bbox 306 568 321 583; x_wconf 90' lang='lat' dir='ltr'>in</span> <span class='ocrx_word' id='word_1_208' title='bbox 333 568 363 587; x_wconf 86' lang='lat' dir='ltr'>via,</span> <span class='ocrx_word' id='word_1_209' title='bbox 374 568 401 583; x_wconf 83' lang='lat' dir='ltr'>sed</span> <span class='ocrx_word' id='word_1_210' title='bbox 413 568 450 583; x_wconf 83' lang='lat' dir='ltr'>item</span> <span class='ocrx_word' id='word_1_211' title='bbox 461 567 477 583; x_wconf 90' lang='lat' dir='ltr'>in</span> 
     </span>
     <span class='ocr_line' id='line_1_37' title="bbox 101 592 478 613; baseline 0 -5"><span class='ocrx_word' id='word_1_212' title='bbox 101 593 153 613; x_wconf 88' lang='lat' dir='ltr'>patria</span> <span class='ocrx_word' id='word_1_213' title='bbox 160 593 180 608; x_wconf 80' lang='lat' dir='ltr'>m</span> <span class='ocrx_word' id='word_1_214' title='bbox 189 593 275 608; x_wconf 79' lang='lat' dir='ltr'>invisibilis</span> <span class='ocrx_word' id='word_1_215' title='bbox 285 592 345 611; x_wconf 87' lang='lat' dir='ltr'>missio,</span> <span class='ocrx_word' id='word_1_216' title='bbox 354 593 406 613; x_wconf 89' lang='lat' dir='ltr'>primo</span> <span class='ocrx_word' id='word_1_217' title='bbox 416 593 432 608; x_wconf 92' lang='lat' dir='ltr'>in</span> <span class='ocrx_word' id='word_1_218' title='bbox 441 592 478 608; x_wconf 77' lang='lat' dir='ltr'>bea-</span> 
     </span>
     <span class='ocr_line' id='line_1_38' title="bbox 100 617 477 638; baseline 0 -5"><span class='ocrx_word' id='word_1_219' title='bbox 100 617 196 636; x_wconf 75' lang='lat' dir='ltr'>tificatione,</span> <span class='ocrx_word' id='word_1_220' title='bbox 205 617 263 633; x_wconf 85' lang='lat' dir='ltr'>deinde</span> <span class='ocrx_word' id='word_1_221' title='bbox 275 617 291 633; x_wconf 91' lang='lat' dir='ltr'>in</span> <span class='ocrx_word' id='word_1_222' title='bbox 304 617 350 633; x_wconf 85' lang='lat' dir='ltr'>donis</span> <span class='ocrx_word' id='word_1_223' title='bbox 362 617 417 638; x_wconf 65' lang='lat' dir='ltr'>gratim</span> <span class='ocrx_word' id='word_1_224' title='bbox 428 617 477 638; x_wconf 75' lang='lat' dir='ltr'>gratis</span> 
     </span>
     <span class='ocr_line' id='line_1_39' title="bbox 99 642 478 663; baseline -0.003 -5"><span class='ocrx_word' id='word_1_225' title='bbox 99 642 146 661; x_wconf 71' lang='lat' dir='ltr'>datm,</span> <span class='ocrx_word' id='word_1_226' title='bbox 155 647 191 663; x_wconf 71' lang='lat' dir='ltr'>qum</span> <span class='ocrx_word' id='word_1_227' title='bbox 199 644 241 661; x_wconf 85' lang='lat' dir='ltr'>sunt,</span> <span class='ocrx_word' id='word_1_228' title='bbox 248 642 327 662; x_wconf 79' lang='lat' dir='ltr'>purgatio,</span> <span class='ocrx_word' id='word_1_229' title='bbox 335 642 436 660; x_wconf 79' lang='lat' dir='ltr'>illuminatio,</span> <span class='ocrx_word' id='word_1_230' title='bbox 444 646 478 662; x_wconf 54' lang='lat' dir='ltr'>pru</span> 
     </span>
     <span class='ocr_line' id='line_1_40' title="bbox 100 666 477 687; baseline -0.003 -4"><span class='ocrx_word' id='word_1_231' title='bbox 100 667 154 683; x_wconf 72' lang='lat' dir='ltr'>lectio.</span> <span class='ocrx_word' id='word_1_232' title='bbox 163 676 183 678; x_wconf 97' lang='lat'><strong>—</strong></span> <span class='ocrx_word' id='word_1_233' title='bbox 190 667 238 682; x_wconf 77' lang='lat' dir='ltr'>Porro</span> <span class='ocrx_word' id='word_1_234' title='bbox 249 667 291 687; x_wconf 81' lang='lat' dir='ltr'>quod</span> <span class='ocrx_word' id='word_1_235' title='bbox 302 667 349 682; x_wconf 82' lang='lat' dir='ltr'>stiam</span> <span class='ocrx_word' id='word_1_236' title='bbox 360 666 379 682; x_wconf 85' lang='lat' dir='ltr'>ad</span> <span class='ocrx_word' id='word_1_237' title='bbox 390 667 477 682; x_wconf 86' lang='lat' dir='ltr'>humanam</span> 
     </span>
     <span class='ocr_line' id='line_1_41' title="bbox 100 691 477 711; baseline -0.003 -4"><span class='ocrx_word' id='word_1_238' title='bbox 100 691 159 707; x_wconf 82' lang='lat' dir='ltr'>Christi</span> <span class='ocrx_word' id='word_1_239' title='bbox 170 694 243 707; x_wconf 84' lang='lat' dir='ltr'>naturam</span> <span class='ocrx_word' id='word_1_240' title='bbox 254 691 295 707; x_wconf 78' lang='lat' dir='ltr'>facta</span> <span class='ocrx_word' id='word_1_241' title='bbox 306 691 327 707; x_wconf 85' lang='lat' dir='ltr'>sit</span> <span class='ocrx_word' id='word_1_242' title='bbox 335 691 395 709; x_wconf 81' lang='lat' dir='ltr'>missio,</span> <span class='ocrx_word' id='word_1_243' title='bbox 403 691 477 711; x_wconf 82' lang='lat' dir='ltr'>quamvis</span> 
     </span>
     <span class='ocr_line' id='line_1_42' title="bbox 102 715 477 737; baseline -0.003 -6"><span class='ocrx_word' id='word_1_244' title='bbox 102 716 156 737; x_wconf 73' lang='lat' dir='ltr'>plures</span> <span class='ocrx_word' id='word_1_245' title='bbox 164 718 227 736; x_wconf 74' lang='lat' dir='ltr'>negent,</span> <span class='ocrx_word' id='word_1_246' title='bbox 236 718 289 731; x_wconf 80' lang='lat' dir='ltr'>tamen</span> <span class='ocrx_word' id='word_1_247' title='bbox 297 718 352 736; x_wconf 85' lang='lat' dir='ltr'>aperte</span> <span class='ocrx_word' id='word_1_248' title='bbox 362 715 453 731; x_wconf 86' lang='lat' dir='ltr'>insinuatur</span> <span class='ocrx_word' id='word_1_249' title='bbox 461 715 477 731; x_wconf 91' lang='lat' dir='ltr'>in</span> 
     </span>
     <span class='ocr_line' id='line_1_43' title="bbox 101 740 477 760; baseline -0.003 -4"><span class='ocrx_word' id='word_1_250' title='bbox 101 740 164 757; x_wconf 83' lang='lat' dir='ltr'>Psalmo</span> <span class='ocrx_word' id='word_1_251' title='bbox 174 745 178 756; x_wconf 89' lang='lat'>:</span> <span class='ocrx_word' id='word_1_252' title='bbox 189 740 228 758; x_wconf 81' lang='lat' dir='ltr'>Quid</span> <span class='ocrx_word' id='word_1_253' title='bbox 241 742 265 756; x_wconf 55' lang='lat' dir='ltr'>ast</span> <span class='ocrx_word' id='word_1_254' title='bbox 276 740 324 756; x_wconf 81' lang='lat' dir='ltr'>ltotno</span> <span class='ocrx_word' id='word_1_255' title='bbox 335 740 378 760; x_wconf 84' lang='lat' dir='ltr'>quod</span> <span class='ocrx_word' id='word_1_256' title='bbox 389 744 450 755; x_wconf 79' lang='lat' dir='ltr'>memor</span> <span class='ocrx_word' id='word_1_257' title='bbox 460 744 477 755; x_wconf 83' lang='lat' dir='ltr'>es</span> 
     </span>
    </p>
   </div>
   <div class='ocr_carea' id='block_1_14' title="bbox 504 495 881 761">
    <p class='ocr_par' dir='ltr' id='par_1_14' title="bbox 504 495 881 761">
     <span class='ocr_line' id='line_1_44' title="bbox 506 495 880 515; baseline 0 -5"><span class='ocrx_word' id='word_1_258' title='bbox 506 497 571 515; x_wconf 75' lang='lat' dir='ltr'>peccato</span> <span class='ocrx_word' id='word_1_259' title='bbox 581 499 609 515; x_wconf 88' lang='lat' dir='ltr'>per</span> <span class='ocrx_word' id='word_1_260' title='bbox 618 495 695 515; x_wconf 72' lang='lat' dir='ltr'>gratiam,</span> <span class='ocrx_word' id='word_1_261' title='bbox 703 495 779 513; x_wconf 80' lang='lat' dir='ltr'>secundo,</span> <span class='ocrx_word' id='word_1_262' title='bbox 788 496 836 515; x_wconf 81' lang='lat' dir='ltr'>prout</span> <span class='ocrx_word' id='word_1_263' title='bbox 845 499 880 510; x_wconf 82' lang='lat' dir='ltr'>san-</span> 
     </span>
     <span class='ocr_line' id='line_1_45' title="bbox 505 519 880 538; baseline -0.003 -3"><span class='ocrx_word' id='word_1_264' title='bbox 505 521 549 535; x_wconf 80' lang='lat' dir='ltr'>ctum</span> <span class='ocrx_word' id='word_1_265' title='bbox 559 521 625 535; x_wconf 81' lang='lat' dir='ltr'>vocatur</span> <span class='ocrx_word' id='word_1_266' title='bbox 635 519 706 538; x_wconf 78' lang='lat' dir='ltr'>lirnium,</span> <span class='ocrx_word' id='word_1_267' title='bbox 715 521 730 535; x_wconf 76' lang='lat' dir='ltr'>st</span> <span class='ocrx_word' id='word_1_268' title='bbox 741 519 764 535; x_wconf 88' lang='lat' dir='ltr'>sic</span> <span class='ocrx_word' id='word_1_269' title='bbox 774 519 880 535; x_wconf 67' lang='lat' dir='ltr'>sanctificatio</span> 
     </span>
     <span class='ocr_line' id='line_1_46' title="bbox 505 544 880 564; baseline -0.003 -4"><span class='ocrx_word' id='word_1_270' title='bbox 505 546 529 560; x_wconf 78' lang='lat' dir='ltr'>est</span> <span class='ocrx_word' id='word_1_271' title='bbox 541 544 642 560; x_wconf 73' lang='lat' dir='ltr'>confirmatio</span> <span class='ocrx_word' id='word_1_272' title='bbox 654 544 670 560; x_wconf 92' lang='lat' dir='ltr'>in</span> <span class='ocrx_word' id='word_1_273' title='bbox 682 544 723 560; x_wconf 87' lang='lat' dir='ltr'>bonu</span> <span class='ocrx_word' id='word_1_274' title='bbox 736 549 764 564; x_wconf 87' lang='lat' dir='ltr'>per</span> <span class='ocrx_word' id='word_1_275' title='bbox 774 544 841 564; x_wconf 82' lang='lat' dir='ltr'>gratiam</span> <span class='ocrx_word' id='word_1_276' title='bbox 853 545 880 559; x_wconf 87' lang='lat' dir='ltr'>aut</span> 
     </span>
     <span class='ocr_line' id='line_1_47' title="bbox 504 568 880 589; baseline 0 -5"><span class='ocrx_word' id='word_1_277' title='bbox 504 569 572 589; x_wconf 77' lang='lat' dir='ltr'>gloriam</span> <span class='ocrx_word' id='word_1_278' title='bbox 582 574 585 584; x_wconf 90' lang='lat'>:</span> <span class='ocrx_word' id='word_1_279' title='bbox 594 571 609 584; x_wconf 87' lang='lat' dir='ltr'>et</span> <span class='ocrx_word' id='word_1_280' title='bbox 617 569 642 584; x_wconf 79' lang='lat' dir='ltr'>his</span> <span class='ocrx_word' id='word_1_281' title='bbox 651 569 714 585; x_wconf 84' lang='lat' dir='ltr'>duobus</span> <span class='ocrx_word' id='word_1_282' title='bbox 725 568 781 587; x_wconf 82' lang='lat' dir='ltr'>modis,</span> <span class='ocrx_word' id='word_1_283' title='bbox 789 569 827 584; x_wconf 80' lang='lat' dir='ltr'>solis</span> <span class='ocrx_word' id='word_1_284' title='bbox 837 573 880 584; x_wconf 84' lang='lat' dir='ltr'>com-</span> 
     </span>
     <span class='ocr_line' id='line_1_48' title="bbox 506 593 880 614; baseline -0.003 -5"><span class='ocrx_word' id='word_1_285' title='bbox 506 593 546 614; x_wconf 85' lang='lat' dir='ltr'>petit</span> <span class='ocrx_word' id='word_1_286' title='bbox 560 593 664 609; x_wconf 68' lang='lat' dir='ltr'>rationalibus</span> <span class='ocrx_word' id='word_1_287' title='bbox 679 594 761 609; x_wconf 79' lang='lat' dir='ltr'>creaturis.</span> <span class='ocrx_word' id='word_1_288' title='bbox 774 593 832 611; x_wconf 83' lang='lat' dir='ltr'>Tertio,</span> <span class='ocrx_word' id='word_1_289' title='bbox 844 597 880 608; x_wconf 85' lang='lat' dir='ltr'>san-</span> 
     </span>
     <span class='ocr_line' id='line_1_49' title="bbox 505 618 880 638; baseline -0.003 -4"><span class='ocrx_word' id='word_1_290' title='bbox 505 618 582 634; x_wconf 78' lang='lat' dir='ltr'>ctificatio</span> <span class='ocrx_word' id='word_1_291' title='bbox 592 618 683 638; x_wconf 84' lang='lat' dir='ltr'>appellatur</span> <span class='ocrx_word' id='word_1_292' title='bbox 690 618 772 638; x_wconf 79' lang='lat' dir='ltr'>uleputatio</span> <span class='ocrx_word' id='word_1_293' title='bbox 780 622 808 633; x_wconf 80' lang='lat' dir='ltr'>seu</span> <span class='ocrx_word' id='word_1_294' title='bbox 819 622 880 633; x_wconf 81' lang='lat' dir='ltr'>accom-</span> 
     </span>
     <span class='ocr_line' id='line_1_50' title="bbox 506 642 880 663; baseline -0.003 -5"><span class='ocrx_word' id='word_1_295' title='bbox 506 643 575 659; x_wconf 82' lang='lat' dir='ltr'>modatio</span> <span class='ocrx_word' id='word_1_296' title='bbox 589 642 657 663; x_wconf 76' lang='lat' dir='ltr'>alicujus</span> <span class='ocrx_word' id='word_1_297' title='bbox 670 643 689 658; x_wconf 88' lang='lat' dir='ltr'>ad</span> <span class='ocrx_word' id='word_1_298' title='bbox 702 643 763 658; x_wconf 87' lang='lat' dir='ltr'>cultum</span> <span class='ocrx_word' id='word_1_299' title='bbox 776 642 809 658; x_wconf 75' lang='lat' dir='ltr'>Dei.</span> <span class='ocrx_word' id='word_1_300' title='bbox 822 642 880 663; x_wconf 86' lang='lat' dir='ltr'>Sicque</span> 
     </span>
     <span class='ocr_line' id='line_1_51' title="bbox 506 667 880 688; baseline -0.003 -5"><span class='ocrx_word' id='word_1_301' title='bbox 506 667 588 688; x_wconf 78' lang='lat' dir='ltr'>templum,</span> <span class='ocrx_word' id='word_1_302' title='bbox 594 667 647 686; x_wconf 70' lang='lat' dir='ltr'>altare,</span> <span class='ocrx_word' id='word_1_303' title='bbox 652 672 689 683; x_wconf 79' lang='lat' dir='ltr'>vasa</span> <span class='ocrx_word' id='word_1_304' title='bbox 697 669 713 683; x_wconf 82' lang='lat' dir='ltr'>et</span> <span class='ocrx_word' id='word_1_305' title='bbox 719 669 776 686; x_wconf 81' lang='lat' dir='ltr'>vestes,</span> <span class='ocrx_word' id='word_1_306' title='bbox 782 667 880 683; x_wconf 74' lang='lat' dir='ltr'>sanctificari</span> 
     </span>
     <span class='ocr_line' id='line_1_52' title="bbox 505 692 880 712; baseline 0 -5"><span class='ocrx_word' id='word_1_307' title='bbox 505 694 521 708; x_wconf 81' lang='lat' dir='ltr'>et</span> <span class='ocrx_word' id='word_1_308' title='bbox 528 692 617 708; x_wconf 85' lang='lat' dir='ltr'>consecrari</span> <span class='ocrx_word' id='word_1_309' title='bbox 628 692 702 707; x_wconf 71' lang='lat' dir='ltr'>seruntur</span> <span class='ocrx_word' id='word_1_310' title='bbox 710 696 714 707; x_wconf 66' lang='grc' dir='ltr'>ε</span> <span class='ocrx_word' id='word_1_311' title='bbox 723 694 738 707; x_wconf 87' lang='lat' dir='ltr'>et</span> <span class='ocrx_word' id='word_1_312' title='bbox 748 692 770 708; x_wconf 89' lang='lat' dir='ltr'>ila</span> <span class='ocrx_word' id='word_1_313' title='bbox 779 694 803 707; x_wconf 75' lang='lat' dir='ltr'>eat</span> <span class='ocrx_word' id='word_1_314' title='bbox 811 692 880 712; x_wconf 71' lang='lat' dir='ltr'>mquivo-</span> 
     </span>
     <span class='ocr_line' id='line_1_53' title="bbox 505 716 881 737; baseline 0 -5"><span class='ocrx_word' id='word_1_315' title='bbox 505 717 547 732; x_wconf 83' lang='lat' dir='ltr'>catio</span> <span class='ocrx_word' id='word_1_316' title='bbox 558 717 582 732; x_wconf 81' lang='lat' dir='ltr'>vel</span> <span class='ocrx_word' id='word_1_317' title='bbox 593 717 666 737; x_wconf 79' lang='lat' dir='ltr'>analogia</span> <span class='ocrx_word' id='word_1_318' title='bbox 675 716 769 735; x_wconf 82' lang='lat' dir='ltr'>sanctitatis,</span> <span class='ocrx_word' id='word_1_319' title='bbox 778 716 881 737; x_wconf 82' lang='lat' dir='ltr'>quemadmo-</span> 
     </span>
     <span class='ocr_line' id='line_1_54' title="bbox 505 741 880 761; baseline -0.003 -4"><span class='ocrx_word' id='word_1_320' title='bbox 505 741 543 757; x_wconf 88' lang='lat' dir='ltr'>dum</span> <span class='ocrx_word' id='word_1_321' title='bbox 556 741 615 757; x_wconf 85' lang='lat' dir='ltr'>sanitas</span> <span class='ocrx_word' id='word_1_322' title='bbox 626 741 645 757; x_wconf 85' lang='lat' dir='ltr'>de</span> <span class='ocrx_word' id='word_1_323' title='bbox 656 741 753 761; x_wconf 84' lang='lat' dir='ltr'>quibusdam</span> <span class='ocrx_word' id='word_1_324' title='bbox 764 741 823 756; x_wconf 83' lang='lat' dir='ltr'>dicitur</span> <span class='ocrx_word' id='word_1_325' title='bbox 833 743 851 756; x_wconf 88' lang='lat' dir='ltr'>ut</span> <span class='ocrx_word' id='word_1_326' title='bbox 861 741 880 756; x_wconf 86' lang='lat' dir='ltr'>de</span> 
     </span>
    </p>
   </div>
   <div class='ocr_carea' id='block_1_15' title="bbox 100 764 881 786">
    <p class='ocr_par' dir='ltr' id='par_1_15' title="bbox 100 764 881 786">
     <span class='ocr_line' id='line_1_55' title="bbox 100 764 881 786; baseline 0 -5"><span class='ocrx_word' id='word_1_327' title='bbox 100 765 150 786; x_wconf 60' lang='lat' dir='ltr'>ejus?</span> <span class='ocrx_word' id='word_1_328' title='bbox 165 767 195 781; x_wconf 76' lang='lat' dir='ltr'>stc.</span> <span class='ocrx_word' id='word_1_329' title='bbox 210 764 253 783; x_wconf 81' lang='lat' dir='ltr'>Quod</span> <span class='ocrx_word' id='word_1_330' title='bbox 270 765 289 780; x_wconf 85' lang='lat' dir='ltr'>ud</span> <span class='ocrx_word' id='word_1_331' title='bbox 306 764 378 780; x_wconf 66' lang='lat' dir='ltr'>Hebraeos</span> <span class='ocrx_word' id='word_1_332' title='bbox 393 764 478 785; x_wconf 73' lang='lat' dir='ltr'>Apostolus</span> <span class='ocrx_word' id='word_1_333' title='bbox 487 765 498 781; x_wconf 86' lang='lat' dir='ltr'><strong>G</strong></span> <span class='ocrx_word' id='word_1_334' title='bbox 505 766 556 786; x_wconf 78' lang='lat' dir='ltr'>signo,</span> <span class='ocrx_word' id='word_1_335' title='bbox 564 766 583 781; x_wconf 80' lang='lat' dir='ltr'>de</span> <span class='ocrx_word' id='word_1_336' title='bbox 593 765 675 786; x_wconf 78' lang='lat' dir='ltr'>aliquibus</span> <span class='ocrx_word' id='word_1_337' title='bbox 686 768 703 781; x_wconf 92' lang='lat' dir='ltr'>ut</span> <span class='ocrx_word' id='word_1_338' title='bbox 713 766 733 781; x_wconf 80' lang='lat' dir='ltr'>de</span> <span class='ocrx_word' id='word_1_339' title='bbox 742 770 795 784; x_wconf 78' lang='lat' dir='ltr'>causa,</span> <span class='ocrx_word' id='word_1_340' title='bbox 805 766 824 781; x_wconf 84' lang='lat' dir='ltr'>de</span> <span class='ocrx_word' id='word_1_341' title='bbox 835 765 881 781; x_wconf 77' lang='lat' dir='ltr'>ratio-</span> 
     </span>
    </p>
   </div>
   <div class='ocr_carea' id='block_1_16' title="bbox 99 789 479 1056">
    <p class='ocr_par' dir='ltr' id='par_1_16' title="bbox 99 789 479 1056">
     <span class='ocr_line' id='line_1_56' title="bbox 100 789 479 810; baseline -0.005 -4"><span class='ocrx_word' id='word_1_342' title='bbox 100 790 164 806; x_wconf 71' lang='lat' dir='ltr'>etii-isto</span> <span class='ocrx_word' id='word_1_343' title='bbox 171 790 236 810; x_wconf 82' lang='lat' dir='ltr'>adaptat</span> <span class='ocrx_word' id='word_1_344' title='bbox 243 790 332 805; x_wconf 80' lang='lat' dir='ltr'>secundum</span> <span class='ocrx_word' id='word_1_345' title='bbox 341 792 414 805; x_wconf 81' lang='lat' dir='ltr'>naturam</span> <span class='ocrx_word' id='word_1_346' title='bbox 422 789 479 805; x_wconf 84' lang='lat' dir='ltr'>huma-</span> 
     </span>
     <span class='ocr_line' id='line_1_57' title="bbox 101 814 478 835; baseline -0.003 -5"><span class='ocrx_word' id='word_1_347' title='bbox 101 820 145 833; x_wconf 82' lang='lat' dir='ltr'>nam,</span> <span class='ocrx_word' id='word_1_348' title='bbox 152 815 172 830; x_wconf 73' lang='lat' dir='ltr'>ul</span> <span class='ocrx_word' id='word_1_349' title='bbox 183 819 231 835; x_wconf 85' lang='lat' dir='ltr'>quarn</span> <span class='ocrx_word' id='word_1_350' title='bbox 243 814 284 830; x_wconf 77' lang='lat' dir='ltr'>iacta</span> <span class='ocrx_word' id='word_1_351' title='bbox 294 816 318 830; x_wconf 85' lang='lat' dir='ltr'>est</span> <span class='ocrx_word' id='word_1_352' title='bbox 329 814 429 834; x_wconf 75' lang='lat' dir='ltr'>quadruplex</span> <span class='ocrx_word' id='word_1_353' title='bbox 441 814 478 829; x_wconf 85' lang='lat' dir='ltr'>mis-</span> 
     </span>
     <span class='ocr_line' id='line_1_58' title="bbox 100 838 478 859; baseline -0.003 -4"><span class='ocrx_word' id='word_1_354' title='bbox 100 839 137 855; x_wconf 80' lang='lat' dir='ltr'>sio:</span> <span class='ocrx_word' id='word_1_355' title='bbox 147 844 179 855; x_wconf 84' lang='lat' dir='ltr'>uua</span> <span class='ocrx_word' id='word_1_356' title='bbox 191 839 209 854; x_wconf 87' lang='lat' dir='ltr'>ad</span> <span class='ocrx_word' id='word_1_357' title='bbox 219 841 267 854; x_wconf 83' lang='lat' dir='ltr'>totam</span> <span class='ocrx_word' id='word_1_358' title='bbox 276 839 327 859; x_wconf 77' lang='lat' dir='ltr'>ipsam</span> <span class='ocrx_word' id='word_1_359' title='bbox 337 840 416 857; x_wconf 80' lang='lat' dir='ltr'>naturam,</span> <span class='ocrx_word' id='word_1_360' title='bbox 422 838 478 854; x_wconf 85' lang='lat' dir='ltr'>videli-</span> 
     </span>
     <span class='ocr_line' id='line_1_59' title="bbox 101 863 477 884; baseline -0.005 -4"><span class='ocrx_word' id='word_1_361' title='bbox 101 866 126 880; x_wconf 83' lang='lat' dir='ltr'>oet</span> <span class='ocrx_word' id='word_1_362' title='bbox 136 868 195 884; x_wconf 85' lang='lat' dir='ltr'>corpus</span> <span class='ocrx_word' id='word_1_363' title='bbox 205 866 220 879; x_wconf 83' lang='lat' dir='ltr'>et</span> <span class='ocrx_word' id='word_1_364' title='bbox 229 863 300 879; x_wconf 85' lang='lat' dir='ltr'>animam</span> <span class='ocrx_word' id='word_1_365' title='bbox 310 863 364 881; x_wconf 84' lang='lat' dir='ltr'>simul,</span> <span class='ocrx_word' id='word_1_366' title='bbox 373 868 401 883; x_wconf 84' lang='lat' dir='ltr'>per</span> <span class='ocrx_word' id='word_1_367' title='bbox 410 863 477 883; x_wconf 77' lang='lat' dir='ltr'>gratiam</span> 
     </span>
     <span class='ocr_line' id='line_1_60' title="bbox 101 887 476 909; baseline -0.003 -5"><span class='ocrx_word' id='word_1_368' title='bbox 101 888 172 907; x_wconf 77' lang='lat' dir='ltr'>unionis,</span> <span class='ocrx_word' id='word_1_369' title='bbox 184 893 234 909; x_wconf 82' lang='lat' dir='ltr'>quum</span> <span class='ocrx_word' id='word_1_370' title='bbox 246 887 315 903; x_wconf 78' lang='lat' dir='ltr'>Verbum</span> <span class='ocrx_word' id='word_1_371' title='bbox 328 892 365 903; x_wconf 80' lang='lat' dir='ltr'>caro</span> <span class='ocrx_word' id='word_1_372' title='bbox 376 888 435 903; x_wconf 84' lang='lat' dir='ltr'>lactum</span> <span class='ocrx_word' id='word_1_373' title='bbox 448 889 476 903; x_wconf 78' lang='lat' dir='ltr'>est.</span> 
     </span>
     <span class='ocr_line' id='line_1_61' title="bbox 101 912 478 933; baseline -0.005 -4"><span class='ocrx_word' id='word_1_374' title='bbox 101 913 127 929; x_wconf 85' lang='lat' dir='ltr'>Sic</span> <span class='ocrx_word' id='word_1_375' title='bbox 135 918 205 933; x_wconf 77' lang='lat' dir='ltr'>namque</span> <span class='ocrx_word' id='word_1_376' title='bbox 215 912 276 928; x_wconf 77' lang='lat' dir='ltr'>habitat</span> <span class='ocrx_word' id='word_1_377' title='bbox 287 912 302 928; x_wconf 89' lang='lat' dir='ltr'>in</span> <span class='ocrx_word' id='word_1_378' title='bbox 311 912 373 928; x_wconf 82' lang='lat' dir='ltr'>Christo</span> <span class='ocrx_word' id='word_1_379' title='bbox 382 912 435 928; x_wconf 87' lang='lat' dir='ltr'>omnis</span> <span class='ocrx_word' id='word_1_380' title='bbox 445 912 478 933; x_wconf 83' lang='lat' dir='ltr'>ple-</span> 
     </span>
     <span class='ocr_line' id='line_1_62' title="bbox 101 937 478 957; baseline -0.003 -4"><span class='ocrx_word' id='word_1_381' title='bbox 101 938 158 953; x_wconf 91' lang='lat' dir='ltr'>nitudo</span> <span class='ocrx_word' id='word_1_382' title='bbox 174 937 264 953; x_wconf 84' lang='lat' dir='ltr'>Divinitatis</span> <span class='ocrx_word' id='word_1_383' title='bbox 281 937 390 957; x_wconf 75' lang='lat' dir='ltr'>corporaliter.</span> <span class='ocrx_word' id='word_1_384' title='bbox 405 937 478 952; x_wconf 80' lang='lat' dir='ltr'>Secunda</span> 
     </span>
     <span class='ocr_line' id='line_1_63' title="bbox 100 961 478 982; baseline -0.003 -4"><span class='ocrx_word' id='word_1_385' title='bbox 100 962 132 978; x_wconf 82' lang='lat' dir='ltr'>suit</span> <span class='ocrx_word' id='word_1_386' title='bbox 143 962 198 978; x_wconf 77' lang='lat' dir='ltr'>missio</span> <span class='ocrx_word' id='word_1_387' title='bbox 210 961 296 977; x_wconf 86' lang='lat' dir='ltr'>invisibilis</span> <span class='ocrx_word' id='word_1_388' title='bbox 306 961 374 982; x_wconf 79' lang='lat' dir='ltr'>Spiritus</span> <span class='ocrx_word' id='word_1_389' title='bbox 385 961 438 977; x_wconf 84' lang='lat' dir='ltr'>Sancti</span> <span class='ocrx_word' id='word_1_390' title='bbox 450 966 478 982; x_wconf 83' lang='lat' dir='ltr'>per</span> 
     </span>
     <span class='ocr_line' id='line_1_64' title="bbox 99 986 476 1007; baseline -0.003 -5"><span class='ocrx_word' id='word_1_391' title='bbox 99 987 168 1007; x_wconf 75' lang='lat' dir='ltr'>gratiam</span> <span class='ocrx_word' id='word_1_392' title='bbox 180 986 279 1002; x_wconf 72' lang='lat' dir='ltr'>habitualem</span> <span class='ocrx_word' id='word_1_393' title='bbox 292 987 307 1002; x_wconf 91' lang='lat' dir='ltr'>in</span> <span class='ocrx_word' id='word_1_394' title='bbox 320 986 355 1007; x_wconf 81' lang='lat' dir='ltr'>ipsa</span> <span class='ocrx_word' id='word_1_395' title='bbox 367 986 476 1007; x_wconf 83' lang='lat' dir='ltr'>conceptione.</span> 
     </span>
     <span class='ocr_line' id='line_1_65' title="bbox 100 1010 477 1031; baseline -0.003 -4"><span class='ocrx_word' id='word_1_396' title='bbox 100 1011 153 1027; x_wconf 81' lang='lat' dir='ltr'>Tertia</span> <span class='ocrx_word' id='word_1_397' title='bbox 165 1011 195 1027; x_wconf 76' lang='lat' dir='ltr'>tuit</span> <span class='ocrx_word' id='word_1_398' title='bbox 206 1011 275 1027; x_wconf 78' lang='lat' dir='ltr'>visibilis</span> <span class='ocrx_word' id='word_1_399' title='bbox 286 1011 301 1026; x_wconf 92' lang='lat' dir='ltr'>in</span> <span class='ocrx_word' id='word_1_400' title='bbox 314 1010 403 1031; x_wconf 79' lang='lat' dir='ltr'>baptismo;</span> <span class='ocrx_word' id='word_1_401' title='bbox 414 1013 477 1031; x_wconf 85' lang='lat' dir='ltr'>quarta,</span> 
     </span>
     <span class='ocr_line' id='line_1_66' title="bbox 100 1035 478 1056; baseline -0.003 -4"><span class='ocrx_word' id='word_1_402' title='bbox 100 1036 188 1052; x_wconf 82' lang='lat' dir='ltr'>invisibilia</span> <span class='ocrx_word' id='word_1_403' title='bbox 198 1036 214 1051; x_wconf 91' lang='lat' dir='ltr'>in</span> <span class='ocrx_word' id='word_1_404' title='bbox 224 1035 267 1051; x_wconf 84' lang='lat' dir='ltr'>clara</span> <span class='ocrx_word' id='word_1_405' title='bbox 277 1037 293 1051; x_wconf 79' lang='lat' dir='ltr'>et-</span> <span class='ocrx_word' id='word_1_406' title='bbox 302 1035 377 1051; x_wconf 81' lang='lat' dir='ltr'>beatit&#39;ica</span> <span class='ocrx_word' id='word_1_407' title='bbox 387 1035 478 1056; x_wconf 74' lang='lat' dir='ltr'>cognitione</span> 
     </span>
    </p>
   </div>
   <div class='ocr_carea' id='block_1_17' title="bbox 99 1060 498 1077">
    <p class='ocr_par' dir='ltr' id='par_1_17' title="bbox 99 1060 498 1077">
     <span class='ocr_line' id='line_1_67' title="bbox 99 1060 498 1077; baseline 0 -1"><span class='ocrx_word' id='word_1_408' title='bbox 99 1061 148 1077; x_wconf 76' lang='lat' dir='ltr'>Verbi</span> <span class='ocrx_word' id='word_1_409' title='bbox 156 1063 172 1076; x_wconf 87' lang='lat' dir='ltr'>et</span> <span class='ocrx_word' id='word_1_410' title='bbox 179 1061 251 1076; x_wconf 86' lang='lat' dir='ltr'>omnium</span> <span class='ocrx_word' id='word_1_411' title='bbox 262 1060 336 1076; x_wconf 83' lang='lat' dir='ltr'>aliorum.</span> <span class='ocrx_word' id='word_1_412' title='bbox 345 1060 380 1076; x_wconf 64' lang='lat' dir='ltr'>lime</span> <span class='ocrx_word' id='word_1_413' title='bbox 388 1060 476 1076; x_wconf 79' lang='lat' dir='ltr'>Udalricus.</span> <span class='ocrx_word' id='word_1_414' title='bbox 486 1060 498 1075; x_wconf 91' lang='lat' dir='ltr'>D</span> 
     </span>
    </p>
   </div>
   <div class='ocr_carea' id='block_1_18' title="bbox 98 1085 478 1353">
    <p class='ocr_par' dir='ltr' id='par_1_18' title="bbox 98 1085 478 1353">
     <span class='ocr_line' id='line_1_68' title="bbox 120 1085 478 1105; baseline -0.003 -4"><span class='ocrx_word' id='word_1_415' title='bbox 120 1085 209 1102; x_wconf 80' lang='lat' dir='ltr'>Concordat</span> <span class='ocrx_word' id='word_1_416' title='bbox 220 1085 297 1105; x_wconf 75' lang='lat' dir='ltr'>AEgidius,</span> <span class='ocrx_word' id='word_1_417' title='bbox 308 1085 335 1105; x_wconf 85' lang='lat' dir='ltr'>qui</span> <span class='ocrx_word' id='word_1_418' title='bbox 349 1085 368 1100; x_wconf 86' lang='lat' dir='ltr'>de</span> <span class='ocrx_word' id='word_1_419' title='bbox 381 1085 428 1101; x_wconf 82' lang='lat' dir='ltr'>modo</span> <span class='ocrx_word' id='word_1_420' title='bbox 440 1085 478 1100; x_wconf 86' lang='lat' dir='ltr'>mis-</span> 
     </span>
     <span class='ocr_line' id='line_1_69' title="bbox 99 1109 478 1130; baseline -0.003 -4"><span class='ocrx_word' id='word_1_421' title='bbox 99 1110 151 1126; x_wconf 84' lang='lat' dir='ltr'>sionis</span> <span class='ocrx_word' id='word_1_422' title='bbox 160 1110 229 1130; x_wconf 82' lang='lat' dir='ltr'>Spiritus</span> <span class='ocrx_word' id='word_1_423' title='bbox 239 1109 292 1125; x_wconf 79' lang='lat' dir='ltr'>Sancti</span> <span class='ocrx_word' id='word_1_424' title='bbox 302 1109 321 1125; x_wconf 80' lang='lat' dir='ltr'>ad</span> <span class='ocrx_word' id='word_1_425' title='bbox 332 1109 392 1128; x_wconf 76' lang='lat' dir='ltr'>Beatos,</span> <span class='ocrx_word' id='word_1_426' title='bbox 401 1109 443 1125; x_wconf 89' lang='lat' dir='ltr'>inter</span> <span class='ocrx_word' id='word_1_427' title='bbox 453 1114 478 1125; x_wconf 78' lang='lat' dir='ltr'>ce-</span> 
     </span>
     <span class='ocr_line' id='line_1_70' title="bbox 99 1134 478 1151; baseline -0.005 0"><span class='ocrx_word' id='word_1_428' title='bbox 99 1138 134 1151; x_wconf 79' lang='lat' dir='ltr'>tera</span> <span class='ocrx_word' id='word_1_429' title='bbox 146 1134 168 1150; x_wconf 88' lang='lat' dir='ltr'>ait</span> <span class='ocrx_word' id='word_1_430' title='bbox 177 1139 181 1150; x_wconf 81' lang='lat' dir='ltr'><em>z</em></span> <span class='ocrx_word' id='word_1_431' title='bbox 190 1134 234 1150; x_wconf 82' lang='lat' dir='ltr'>Sicut</span> <span class='ocrx_word' id='word_1_432' title='bbox 246 1139 278 1150; x_wconf 86' lang='lat' dir='ltr'>non</span> <span class='ocrx_word' id='word_1_433' title='bbox 289 1136 313 1149; x_wconf 82' lang='lat' dir='ltr'>est</span> <span class='ocrx_word' id='word_1_434' title='bbox 324 1134 438 1150; x_wconf 83' lang='lat' dir='ltr'>inconveniens</span> <span class='ocrx_word' id='word_1_435' title='bbox 449 1134 478 1150; x_wconf 85' lang='lat' dir='ltr'>ali-</span> 
     </span>
     <span class='ocr_line' id='line_1_71' title="bbox 99 1158 477 1180; baseline -0.003 -5"><span class='ocrx_word' id='word_1_436' title='bbox 99 1164 149 1180; x_wconf 82' lang='lat' dir='ltr'>quem</span> <span class='ocrx_word' id='word_1_437' title='bbox 164 1159 180 1175; x_wconf 90' lang='lat' dir='ltr'>in</span> <span class='ocrx_word' id='word_1_438' title='bbox 196 1158 287 1179; x_wconf 77' lang='lat' dir='ltr'>cognitione</span> <span class='ocrx_word' id='word_1_439' title='bbox 301 1158 370 1179; x_wconf 76' lang='lat' dir='ltr'>alicujus</span> <span class='ocrx_word' id='word_1_440' title='bbox 385 1163 416 1174; x_wconf 87' lang='lat' dir='ltr'>non</span> <span class='ocrx_word' id='word_1_441' title='bbox 431 1163 477 1179; x_wconf 79' lang='lat' dir='ltr'>posse</span> 
     </span>
     <span class='ocr_line' id='line_1_72' title="bbox 99 1183 477 1204; baseline -0.003 -4"><span class='ocrx_word' id='word_1_442' title='bbox 99 1184 154 1204; x_wconf 75' lang='lat' dir='ltr'>augeri</span> <span class='ocrx_word' id='word_1_443' title='bbox 170 1183 255 1202; x_wconf 80' lang='lat' dir='ltr'>intensive,</span> <span class='ocrx_word' id='word_1_444' title='bbox 267 1183 294 1199; x_wconf 87' lang='lat' dir='ltr'>sed</span> <span class='ocrx_word' id='word_1_445' title='bbox 309 1183 391 1199; x_wconf 78' lang='lat' dir='ltr'>extensive</span> <span class='ocrx_word' id='word_1_446' title='bbox 404 1188 408 1199; x_wconf 75' lang='lat' dir='ltr'>z</span> <span class='ocrx_word' id='word_1_447' title='bbox 422 1186 477 1204; x_wconf 76' lang='lat' dir='ltr'>utpote</span> 
     </span>
     <span class='ocr_line' id='line_1_73' title="bbox 99 1208 477 1229; baseline -0.005 -4"><span class='ocrx_word' id='word_1_448' title='bbox 99 1209 159 1229; x_wconf 78' lang='lat' dir='ltr'>aliquia</span> <span class='ocrx_word' id='word_1_449' title='bbox 176 1208 302 1229; x_wconf 79' lang='lat' dir='ltr'>propositionem</span> <span class='ocrx_word' id='word_1_450' title='bbox 317 1212 436 1228; x_wconf 82' lang='lat' dir='ltr'>quamcumque</span> <span class='ocrx_word' id='word_1_451' title='bbox 450 1213 477 1224; x_wconf 84' lang='lat' dir='ltr'>co-</span> 
     </span>
     <span class='ocr_line' id='line_1_74' title="bbox 98 1233 476 1254; baseline -0.005 -4"><span class='ocrx_word' id='word_1_452' title='bbox 98 1238 178 1254; x_wconf 78' lang='lat' dir='ltr'>gnoscens</span> <span class='ocrx_word' id='word_1_453' title='bbox 193 1238 222 1254; x_wconf 85' lang='lat' dir='ltr'>per</span> <span class='ocrx_word' id='word_1_454' title='bbox 236 1233 388 1249; x_wconf 79' lang='lat' dir='ltr'>demonstrationem</span> <span class='ocrx_word' id='word_1_455' title='bbox 403 1238 412 1248; x_wconf 88' lang='lat' dir='ltr'>a</span> <span class='ocrx_word' id='word_1_456' title='bbox 427 1233 476 1253; x_wconf 85' lang='lat' dir='ltr'>priori</span> 
     </span>
     <span class='ocr_line' id='line_1_75' title="bbox 99 1257 477 1278; baseline -0.005 -4"><span class='ocrx_word' id='word_1_457' title='bbox 99 1263 127 1274; x_wconf 77' lang='lat' dir='ltr'>seu</span> <span class='ocrx_word' id='word_1_458' title='bbox 141 1262 170 1278; x_wconf 79' lang='lat' dir='ltr'>per</span> <span class='ocrx_word' id='word_1_459' title='bbox 182 1262 252 1275; x_wconf 84' lang='lat' dir='ltr'>causam,</span> <span class='ocrx_word' id='word_1_460' title='bbox 264 1257 277 1272; x_wconf 79' lang='lat' dir='ltr'>si</span> <span class='ocrx_word' id='word_1_461' title='bbox 291 1262 353 1272; x_wconf 84' lang='lat' dir='ltr'>rursum</span> <span class='ocrx_word' id='word_1_462' title='bbox 366 1257 438 1272; x_wconf 82' lang='lat' dir='ltr'>eamdem</span> <span class='ocrx_word' id='word_1_463' title='bbox 451 1262 477 1273; x_wconf 86' lang='lat' dir='ltr'>oo-</span> 
     </span>
     <span class='ocr_line' id='line_1_76' title="bbox 99 1281 477 1303; baseline 0 -6"><span class='ocrx_word' id='word_1_464' title='bbox 99 1284 165 1303; x_wconf 72' lang='lat' dir='ltr'>guoscat</span> <span class='ocrx_word' id='word_1_465' title='bbox 178 1286 207 1302; x_wconf 83' lang='lat' dir='ltr'>per</span> <span class='ocrx_word' id='word_1_466' title='bbox 218 1281 295 1297; x_wconf 72' lang='lat' dir='ltr'>effectum</span> <span class='ocrx_word' id='word_1_467' title='bbox 308 1286 336 1297; x_wconf 83' lang='lat' dir='ltr'>seu</span> <span class='ocrx_word' id='word_1_468' title='bbox 348 1282 418 1302; x_wconf 76' lang='lat' dir='ltr'>signum,</span> <span class='ocrx_word' id='word_1_469' title='bbox 427 1282 477 1302; x_wconf 75' lang='lat' dir='ltr'>magis</span> 
     </span>
     <span class='ocr_line' id='line_1_77' title="bbox 99 1306 476 1327; baseline -0.003 -4"><span class='ocrx_word' id='word_1_470' title='bbox 99 1312 135 1323; x_wconf 87' lang='lat' dir='ltr'>eam</span> <span class='ocrx_word' id='word_1_471' title='bbox 147 1306 229 1327; x_wconf 74' lang='lat' dir='ltr'>cognoscit</span> <span class='ocrx_word' id='word_1_472' title='bbox 241 1311 290 1327; x_wconf 87' lang='lat' dir='ltr'>quam</span> <span class='ocrx_word' id='word_1_473' title='bbox 303 1306 353 1327; x_wconf 79' lang='lat' dir='ltr'>priua,</span> <span class='ocrx_word' id='word_1_474' title='bbox 366 1311 398 1322; x_wconf 84' lang='lat' dir='ltr'>non</span> <span class='ocrx_word' id='word_1_475' title='bbox 411 1306 476 1325; x_wconf 81' lang='lat' dir='ltr'>ccrtius,</span> 
     </span>
     <span class='ocr_line' id='line_1_78' title="bbox 99 1331 477 1353; baseline -0.003 -5"><span class='ocrx_word' id='word_1_476' title='bbox 99 1337 151 1353; x_wconf 84' lang='lat' dir='ltr'>quum</span> <span class='ocrx_word' id='word_1_477' title='bbox 167 1331 238 1352; x_wconf 73' lang='lat' dir='ltr'>cognitio</span> <span class='ocrx_word' id='word_1_478' title='bbox 254 1336 284 1352; x_wconf 75' lang='lat' dir='ltr'>per</span> <span class='ocrx_word' id='word_1_479' title='bbox 300 1331 364 1351; x_wconf 78' lang='lat' dir='ltr'>signum</span> <span class='ocrx_word' id='word_1_480' title='bbox 381 1335 413 1347; x_wconf 88' lang='lat' dir='ltr'>non</span> <span class='ocrx_word' id='word_1_481' title='bbox 430 1331 477 1347; x_wconf 89' lang='lat' dir='ltr'>addat</span> 
     </span>
    </p>
   </div>
   <div class='ocr_carea' id='block_1_19' title="bbox 505 790 882 1053">
    <p class='ocr_par' dir='ltr' id='par_1_19' title="bbox 505 790 882 1053">
     <span class='ocr_line' id='line_1_79' title="bbox 506 790 880 811; baseline 0 -5"><span class='ocrx_word' id='word_1_482' title='bbox 506 791 538 806; x_wconf 85' lang='lat' dir='ltr'>nali</span> <span class='ocrx_word' id='word_1_483' title='bbox 551 793 623 806; x_wconf 85' lang='lat' dir='ltr'>creatura</span> <span class='ocrx_word' id='word_1_484' title='bbox 636 793 651 806; x_wconf 90' lang='lat' dir='ltr'>et</span> <span class='ocrx_word' id='word_1_485' title='bbox 663 791 728 806; x_wconf 89' lang='lat' dir='ltr'>animali</span> <span class='ocrx_word' id='word_1_486' title='bbox 741 793 758 806; x_wconf 92' lang='lat' dir='ltr'>ut</span> <span class='ocrx_word' id='word_1_487' title='bbox 770 791 790 806; x_wconf 86' lang='lat' dir='ltr'>de</span> <span class='ocrx_word' id='word_1_488' title='bbox 802 790 880 811; x_wconf 74' lang='lat' dir='ltr'>subjecto.</span> 
     </span>
     <span class='ocr_line' id='line_1_80' title="bbox 505 815 882 836; baseline 0 -5"><span class='ocrx_word' id='word_1_489' title='bbox 505 815 577 836; x_wconf 83' lang='lat' dir='ltr'>Insuper,</span> <span class='ocrx_word' id='word_1_490' title='bbox 586 815 628 836; x_wconf 88' lang='lat' dir='ltr'>quod</span> <span class='ocrx_word' id='word_1_491' title='bbox 638 815 654 831; x_wconf 94' lang='lat' dir='ltr'>in</span> <span class='ocrx_word' id='word_1_492' title='bbox 664 815 768 831; x_wconf 75' lang='lat' dir='ltr'>sacramentis</span> <span class='ocrx_word' id='word_1_493' title='bbox 777 820 808 831; x_wconf 88' lang='lat' dir='ltr'>non</span> <span class='ocrx_word' id='word_1_494' title='bbox 817 817 841 831; x_wconf 75' lang='lat' dir='ltr'>est</span> <span class='ocrx_word' id='word_1_495' title='bbox 848 820 882 835; x_wconf 77' lang='lat' dir='ltr'>gra-</span> 
     </span>
     <span class='ocr_line' id='line_1_81' title="bbox 506 840 880 860; baseline 0 -5"><span class='ocrx_word' id='word_1_496' title='bbox 506 840 527 855; x_wconf 87' lang='lat' dir='ltr'>tia</span> <span class='ocrx_word' id='word_1_497' title='bbox 538 840 626 855; x_wconf 86' lang='lat' dir='ltr'>secundum</span> <span class='ocrx_word' id='word_1_498' title='bbox 637 845 672 856; x_wconf 82' lang='lat' dir='ltr'>esse</span> <span class='ocrx_word' id='word_1_499' title='bbox 683 840 786 860; x_wconf 77' lang='lat' dir='ltr'>completum,</span> <span class='ocrx_word' id='word_1_500' title='bbox 796 844 825 855; x_wconf 83' lang='lat' dir='ltr'>nec</span> <span class='ocrx_word' id='word_1_501' title='bbox 836 842 854 855; x_wconf 84' lang='lat' dir='ltr'>ut</span> <span class='ocrx_word' id='word_1_502' title='bbox 864 840 880 855; x_wconf 91' lang='lat' dir='ltr'>in</span> 
     </span>
     <span class='ocr_line' id='line_1_82' title="bbox 505 864 879 885; baseline -0.003 -5"><span class='ocrx_word' id='word_1_503' title='bbox 505 864 585 884; x_wconf 81' lang='lat' dir='ltr'>subjecto,</span> <span class='ocrx_word' id='word_1_504' title='bbox 600 865 627 880; x_wconf 81' lang='lat' dir='ltr'>sed</span> <span class='ocrx_word' id='word_1_505' title='bbox 644 867 720 885; x_wconf 82' lang='lat' dir='ltr'>tanquam</span> <span class='ocrx_word' id='word_1_506' title='bbox 735 864 751 880; x_wconf 90' lang='lat' dir='ltr'>in</span> <span class='ocrx_word' id='word_1_507' title='bbox 767 864 879 883; x_wconf 82' lang='lat' dir='ltr'>instrumento,</span> 
     </span>
     <span class='ocr_line' id='line_1_83' title="bbox 506 889 881 909; baseline 0 -5"><span class='ocrx_word' id='word_1_508' title='bbox 506 889 641 909; x_wconf 76' lang='lat' dir='ltr'>quemadmodum</span> <span class='ocrx_word' id='word_1_509' title='bbox 654 894 679 904; x_wconf 84' lang='lat' dir='ltr'>ars</span> <span class='ocrx_word' id='word_1_510' title='bbox 692 889 752 904; x_wconf 90' lang='lat' dir='ltr'>dicitur</span> <span class='ocrx_word' id='word_1_511' title='bbox 764 893 798 904; x_wconf 86' lang='lat' dir='ltr'>esse</span> <span class='ocrx_word' id='word_1_512' title='bbox 812 889 828 904; x_wconf 94' lang='lat' dir='ltr'>in</span> <span class='ocrx_word' id='word_1_513' title='bbox 841 891 881 904; x_wconf 50' lang='lat' dir='ltr'>tert*</span> 
     </span>
     <span class='ocr_line' id='line_1_84' title="bbox 506 913 880 933; baseline -0.003 -4"><span class='ocrx_word' id='word_1_514' title='bbox 506 913 554 932; x_wconf 83' lang='lat' dir='ltr'>bello,</span> <span class='ocrx_word' id='word_1_515' title='bbox 562 914 613 929; x_wconf 81' lang='lat' dir='ltr'>securi</span> <span class='ocrx_word' id='word_1_516' title='bbox 625 916 641 929; x_wconf 87' lang='lat' dir='ltr'>et</span> <span class='ocrx_word' id='word_1_517' title='bbox 650 913 722 929; x_wconf 85' lang='lat' dir='ltr'>dolabro.</span> <span class='ocrx_word' id='word_1_518' title='bbox 732 922 752 924; x_wconf 98' lang='lat'><strong>—</strong></span> <span class='ocrx_word' id='word_1_519' title='bbox 762 913 785 929; x_wconf 82' lang='lat' dir='ltr'>Ad</span> <span class='ocrx_word' id='word_1_520' title='bbox 795 913 827 929; x_wconf 84' lang='lat' dir='ltr'>alia</span> <span class='ocrx_word' id='word_1_521' title='bbox 837 915 880 933; x_wconf 80' lang='lat' dir='ltr'>patet</span> 
     </span>
     <span class='ocr_line' id='line_1_85' title="bbox 506 938 879 958; baseline 0 -5"><span class='ocrx_word' id='word_1_522' title='bbox 506 943 524 954; x_wconf 78' lang='lat' dir='ltr'>ex</span> <span class='ocrx_word' id='word_1_523' title='bbox 539 938 587 954; x_wconf 80' lang='lat' dir='ltr'>(lictis</span> <span class='ocrx_word' id='word_1_524' title='bbox 602 938 689 958; x_wconf 72' lang='lat' dir='ltr'>responsio,</span> <span class='ocrx_word' id='word_1_525' title='bbox 702 938 740 958; x_wconf 88' lang='lat' dir='ltr'>quia</span> <span class='ocrx_word' id='word_1_526' title='bbox 753 938 772 953; x_wconf 86' lang='lat' dir='ltr'>ad</span> <span class='ocrx_word' id='word_1_527' title='bbox 788 938 879 953; x_wconf 76' lang='lat' dir='ltr'>missionem</span> 
     </span>
     <span class='ocr_line' id='line_1_86' title="bbox 506 962 880 983; baseline 0 -5"><span class='ocrx_word' id='word_1_528' title='bbox 506 962 574 983; x_wconf 74' lang='lat' dir='ltr'>Spiritus</span> <span class='ocrx_word' id='word_1_529' title='bbox 586 963 639 978; x_wconf 77' lang='lat' dir='ltr'>Sancti</span> <span class='ocrx_word' id='word_1_530' title='bbox 650 965 666 978; x_wconf 87' lang='lat' dir='ltr'>et</span> <span class='ocrx_word' id='word_1_531' title='bbox 676 962 820 978; x_wconf 75' lang='lat' dir='ltr'>sanctificationem</span> <span class='ocrx_word' id='word_1_532' title='bbox 833 962 880 978; x_wconf 86' lang='lat' dir='ltr'>ratio-</span> 
     </span>
     <span class='ocr_line' id='line_1_87' title="bbox 506 987 880 1007; baseline -0.003 -4"><span class='ocrx_word' id='word_1_533' title='bbox 506 987 547 1003; x_wconf 89' lang='lat' dir='ltr'>nalis</span> <span class='ocrx_word' id='word_1_534' title='bbox 559 989 640 1005; x_wconf 66' lang='lat' dir='ltr'>creatur-3³,</span> <span class='ocrx_word' id='word_1_535' title='bbox 650 991 682 1003; x_wconf 91' lang='lat' dir='ltr'>non</span> <span class='ocrx_word' id='word_1_536' title='bbox 694 987 763 1007; x_wconf 79' lang='lat' dir='ltr'>exigitur</span> <span class='ocrx_word' id='word_1_537' title='bbox 774 987 816 1007; x_wconf 85' lang='lat' dir='ltr'>quod</span> <span class='ocrx_word' id='word_1_538' title='bbox 827 987 880 1007; x_wconf 78' lang='lat' dir='ltr'>subje-</span> 
     </span>
     <span class='ocr_line' id='line_1_88' title="bbox 506 1011 880 1032; baseline 0 -5"><span class='ocrx_word' id='word_1_539' title='bbox 506 1014 549 1028; x_wconf 83' lang='lat' dir='ltr'>ctum</span> <span class='ocrx_word' id='word_1_540' title='bbox 560 1014 631 1032; x_wconf 83' lang='lat' dir='ltr'>ternpore</span> <span class='ocrx_word' id='word_1_541' title='bbox 642 1011 687 1032; x_wconf 85' lang='lat' dir='ltr'>prius</span> <span class='ocrx_word' id='word_1_542' title='bbox 696 1011 717 1027; x_wconf 82' lang='lat' dir='ltr'>sit</span> <span class='ocrx_word' id='word_1_543' title='bbox 726 1011 781 1032; x_wconf 72' lang='lat' dir='ltr'>gratim</span> <span class='ocrx_word' id='word_1_544' title='bbox 790 1013 818 1027; x_wconf 91' lang='lat' dir='ltr'>aut</span> <span class='ocrx_word' id='word_1_545' title='bbox 826 1011 880 1032; x_wconf 74' lang='lat' dir='ltr'>gtorim</span> 
     </span>
     <span class='ocr_line' id='line_1_89' title="bbox 506 1037 591 1053; baseline 0 0"><span class='ocrx_word' id='word_1_546' title='bbox 506 1037 591 1053; x_wconf 76' lang='lat' dir='ltr'>infusione.</span> 
     </span>
    </p>
   </div>
   <div class='ocr_carea' id='block_1_20' title="bbox 619 1116 770 1136">
    <p class='ocr_par' dir='ltr' id='par_1_20' title="bbox 619 1116 770 1136">
     <span class='ocr_line' id='line_1_90' title="bbox 619 1116 770 1136; baseline -0.007 -3"><span class='ocrx_word' id='word_1_547' title='bbox 619 1116 739 1136; x_wconf 86' lang='lat' dir='ltr'>QUAESTIO</span> <span class='ocrx_word' id='word_1_548' title='bbox 755 1116 770 1132; x_wconf 80' lang='lat' dir='ltr'>V</span> 
     </span>
    </p>
   </div>
   <div class='ocr_carea' id='block_1_21' title="bbox 504 1182 880 1351">
    <p class='ocr_par' dir='ltr' id='par_1_21' title="bbox 541 1182 880 1203">
     <span class='ocr_line' id='line_1_91' title="bbox 541 1182 880 1203; baseline 0.003 -5"><span class='ocrx_word' id='word_1_549' title='bbox 541 1183 608 1199; x_wconf 71' lang='lat' dir='ltr'>Uaeritur</span> <span class='ocrx_word' id='word_1_550' title='bbox 615 1183 714 1203; x_wconf 80' lang='lat' dir='ltr'>qninto,Aa</span> <span class='ocrx_word' id='word_1_551' title='bbox 721 1182 800 1203; x_wconf 70' lang='lat' dir='ltr'>plentius</span> <span class='ocrx_word' id='word_1_552' title='bbox 807 1182 880 1199; x_wconf 78' lang='lat' dir='ltr'>missus</span> 
     </span>
    </p>

    <p class='ocr_par' dir='ltr' id='par_1_22' title="bbox 547 1207 880 1227">
     <span class='ocr_line' id='line_1_92' title="bbox 547 1207 880 1227; baseline -0.003 -3"><span class='ocrx_word' id='word_1_553' title='bbox 547 1208 575 1224; x_wconf 82' lang='lat' dir='ltr'>sit</span> <span class='ocrx_word' id='word_1_554' title='bbox 590 1207 679 1227; x_wconf 71' lang='lat' dir='ltr'>spu-stus</span> <span class='ocrx_word' id='word_1_555' title='bbox 692 1207 778 1224; x_wconf 78' lang='lat' dir='ltr'>Sanetus</span> <span class='ocrx_word' id='word_1_556' title='bbox 791 1207 837 1227; x_wconf 76' lang='lat' dir='ltr'>post</span> <span class='ocrx_word' id='word_1_557' title='bbox 851 1207 880 1223; x_wconf 84' lang='lat' dir='ltr'>in—</span> 
     </span>
    </p>

    <p class='ocr_par' dir='ltr' id='par_1_23' title="bbox 504 1232 879 1252">
     <span class='ocr_line' id='line_1_93' title="bbox 504 1232 879 1252; baseline -0.003 -3"><span class='ocrx_word' id='word_1_558' title='bbox 504 1232 640 1249; x_wconf 71' lang='lat' dir='ltr'>carnationem</span> <span class='ocrx_word' id='word_1_559' title='bbox 649 1232 697 1249; x_wconf 71' lang='lat' dir='ltr'>Filii</span> <span class='ocrx_word' id='word_1_560' title='bbox 707 1232 743 1248; x_wconf 82' lang='lat' dir='ltr'>Det</span> <span class='ocrx_word' id='word_1_561' title='bbox 753 1235 812 1252; x_wconf 81' lang='lat' dir='ltr'>quam</span> <span class='ocrx_word' id='word_1_562' title='bbox 822 1232 879 1252; x_wconf 53' lang='grc' dir='ltr'>κήκ</span> 
     </span>
    </p>

    <p class='ocr_par' dir='ltr' id='par_1_24' title="bbox 504 1257 879 1277">
     <span class='ocr_line' id='line_1_94' title="bbox 504 1257 879 1277; baseline -0.003 -4"><span class='ocrx_word' id='word_1_563' title='bbox 504 1258 525 1274; x_wconf 83' lang='lat' dir='ltr'>et</span> <span class='ocrx_word' id='word_1_564' title='bbox 536 1258 604 1273; x_wconf 80' lang='lat' dir='ltr'>utrum</span> <span class='ocrx_word' id='word_1_565' title='bbox 615 1257 674 1273; x_wconf 76' lang='lat' dir='ltr'>electi</span> <span class='ocrx_word' id='word_1_566' title='bbox 685 1260 720 1277; x_wconf 82' lang='lat' dir='ltr'>pet</span> <span class='ocrx_word' id='word_1_567' title='bbox 732 1257 879 1276; x_wconf 71' lang='lat' dir='ltr'>susceptionem</span> 
     </span>
    </p>

    <p class='ocr_par' dir='ltr' id='par_1_25' title="bbox 504 1281 880 1323">
     <span class='ocr_line' id='line_1_95' title="bbox 504 1281 880 1302; baseline -0.005 -3"><span class='ocrx_word' id='word_1_568' title='bbox 504 1282 592 1302; x_wconf 71' lang='lat' dir='ltr'>spiritus</span> <span class='ocrx_word' id='word_1_569' title='bbox 603 1281 672 1298; x_wconf 79' lang='lat' dir='ltr'>Saneti</span> <span class='ocrx_word' id='word_1_570' title='bbox 684 1285 707 1298; x_wconf 85' lang='lat' dir='ltr'>ae</span> <span class='ocrx_word' id='word_1_571' title='bbox 719 1281 790 1301; x_wconf 72' lang='lat' dir='ltr'>gratiae</span> <span class='ocrx_word' id='word_1_572' title='bbox 802 1281 846 1301; x_wconf 69' lang='lat' dir='ltr'>ejus</span> <span class='ocrx_word' id='word_1_573' title='bbox 857 1281 880 1297; x_wconf 81' lang='lat' dir='ltr'>fl-</span> 
     </span>
     <span class='ocr_line' id='line_1_96' title="bbox 504 1305 785 1323; baseline -0.004 0"><span class='ocrx_word' id='word_1_574' title='bbox 504 1307 541 1323; x_wconf 84' lang='lat' dir='ltr'>unt</span> <span class='ocrx_word' id='word_1_575' title='bbox 551 1307 608 1323; x_wconf 78' lang='lat' dir='ltr'>extra</span> <span class='ocrx_word' id='word_1_576' title='bbox 619 1306 672 1322; x_wconf 80' lang='lat' dir='ltr'>himo</span> <span class='ocrx_word' id='word_1_577' title='bbox 683 1305 785 1323; x_wconf 82' lang='lat' dir='ltr'>mundum.</span> 
     </span>
    </p>

    <p class='ocr_par' dir='ltr' id='par_1_26' title="bbox 525 1330 880 1351">
     <span class='ocr_line' id='line_1_97' title="bbox 525 1330 880 1351; baseline 0 -5"><span class='ocrx_word' id='word_1_578' title='bbox 525 1331 591 1347; x_wconf 87' lang='lat' dir='ltr'>Videtur</span> <span class='ocrx_word' id='word_1_579' title='bbox 603 1331 645 1351; x_wconf 86' lang='lat' dir='ltr'>quod</span> <span class='ocrx_word' id='word_1_580' title='bbox 660 1335 691 1346; x_wconf 82' lang='lat' dir='ltr'>uon</span> <span class='ocrx_word' id='word_1_581' title='bbox 708 1330 771 1351; x_wconf 73' lang='lat' dir='ltr'>plenius</span> <span class='ocrx_word' id='word_1_582' title='bbox 786 1330 844 1346; x_wconf 78' lang='lat' dir='ltr'>missus</span> <span class='ocrx_word' id='word_1_583' title='bbox 859 1330 880 1346; x_wconf 84' lang='lat' dir='ltr'>ait</span> 
     </span>
    </p>
   </div>
  </div>
 </body>
</html>
