1088 1569
206 123 235 139 ¹³0

377 127 394 139 Π(
403 127 459 138 unam
470 127 474 138 Ι
485 126 606 138 βΚΝΤΠΠΊΔῌΙῚΙ.
618 130 638 134 -
648 126 687 138 nlm-
699 126 714 142 13
725 126 783 140 otmar.
793 126 809 138 Vl

203 169 263 186 teretur
273 170 289 186 in
300 169 345 186 illud.
356 169 395 188 Quia
405 169 476 185 defectus
486 169 579 189 cujuscum-
586 168 599 184 Α
606 169 682 185 intentus.
696 169 750 185 Manus
764 174 783 185 ac
798 169 865 185 baculus
880 169 948 184 tendunt
962 168 984 184 ad

203 199 234 215 que
245 194 282 211 boni
296 194 343 210 babet
355 194 433 210 rationem
445 199 475 210 non
488 194 531 213 boni,
543 194 578 210 ideo

202 219 254 235 solum
267 219 306 235 illud
319 219 379 235 bouum
392 219 434 240 quod
445 221 469 235 est
482 219 577 240 perfeetum,

202 246 219 260 et
228 244 254 260 cui
264 244 286 260 nil
296 244 346 263 deest,
354 246 377 260 est
387 244 418 259 tale
430 244 490 260 bonum
500 244 542 265 quod
552 248 578 260 vo-

203 269 256 285 luntaa
270 273 301 285 non
317 271 369 289 potest
383 273 415 285 non
427 269 469 285 velle
482 274 486 284 1
500 269 542 289 quod
555 270 579 284 eat

203 294 290 310 beatitudo.
298 294 333 309 Alia
342 296 396 309 autem
406 294 482 314 quaslibet
493 293 579 314 particula-

204 318 227 334 ria
236 318 283 337 bona,
292 318 308 334 in
319 320 397 339 quantum
407 318 485 334 deficiunt
495 318 515 334 ab
524 318 579 338 aliquo

203 342 250 361 bono,
260 344 326 363 possunt
335 343 387 363 accipi
397 344 415 358 ut
425 347 457 358 nou
467 342 514 361 bona,
523 342 579 363 sicque

203 367 284 388 repudiari
291 372 301 383 e
308 367 393 385 voluntate,
401 372 437 387 quae
447 369 498 387 potest
509 367 524 382 in
536 367 578 383 idem

203 392 309 407 diversimode
317 391 355 407 ferri
365 391 453 407 secundum
461 391 532 407 diversas
542 396 579 408 con-

202 416 311 432 siderationes.
322 416 380 437 sicque
392 416 430 432 finis
443 416 509 432 ultimua
520 421 539 432 ex
552 421 579 432 ne-

203 441 276 457 cessitate
284 443 336 457 movet
344 441 447 459 voluntatem,
456 441 532 461 quoniam
540 441 579 457 finis

605 194 656 209 finem
664 199 673 209 a
680 194 761 210 voluntate
771 194 857 212 intentum,
866 198 895 214 per
902 193 931 209 hoc
939 193 984 214 quod

606 219 679 235 voluntas
690 219 768 239 imprimit
779 219 802 234 eis
813 218 882 234 mediate
892 218 917 234 vel
927 218 986 234 imme-

606 243 654 259 diate.
662 243 692 259 Sed
704 243 733 259 boc
744 243 792 259 distat
802 243 844 259 inter
855 245 908 259 motus
919 245 985 258 natura-

607 268 629 284 les
640 270 655 284 et
666 268 750 287 violentos,
761 268 803 289 quod
814 268 831 283 in
842 268 912 283 motibus
922 267 985 284 violen-

607 293 632 312 tis,
643 293 727 313 impressio
740 293 795 309 relicta
807 297 816 308 a
828 292 880 313 primo
892 294 953 308 motore
966 292 984 308 in

606 318 681 333 secundis
692 317 786 336 motoribua,
797 319 820 333 est
832 317 855 333 eis
868 319 925 338 proter
937 319 985 333 natu-

607 347 646 358 ram.
655 342 695 358 Hinc
702 342 774 363 operatio
781 347 881 362 oonsequens
888 346 908 357 ex
916 342 943 357 tali
953 342 986 357 im-

607 366 694 387 pressione,
702 369 726 382 est
735 367 758 382 eis
768 366 841 382 difficilis
848 368 864 382 et
873 366 956 382 laboriosa.
966 366 984 382 ln

607 391 676 407 motibus
686 393 740 407 autem
750 391 855 410 naturalibus,
864 391 949 411 impressio
959 395 986 406 re-

607 416 644 432 licta
655 416 671 431 in
682 416 756 432 secundis
769 416 858 432 motoribus
867 420 877 431 a
887 416 939 436 primo
950 420 986 431 mo-

607 443 646 459 tor-e,
654 443 678 456 est
688 441 711 456 eis
721 441 818 456 conveniens
825 442 841 456 et
850 440 908 456 suavis.
917 440 986 461 Propter

203 466 230 481 ille
244 468 268 481 est
283 465 342 481 bonum
357 465 446 486 perfectum
456 470 460 485 ;
474 465 578 482 conformiter
588 465 600 481 B
607 466 648 486 quod
657 466 717 482 dieitur
724 470 733 481 a
740 465 820 486 Sapiente,
828 465 871 485 quod
879 465 919 481 Deus
928 465 985 481 omnia

203 490 230 506 illa
240 495 276 511 qum
288 490 382 506 ordinentur
394 490 410 506 in
423 490 465 506 bunc
477 490 532 508 finem,
543 491 578 507 sine

202 515 261 536 quibus
269 515 307 531 finia
314 515 343 531 iste
352 515 406 531 baberi
416 519 447 531 non
455 515 503 534 valet,
512 517 530 531 ut
537 520 577 535 esse,

202 540 261 558 vivere,
275 540 368 560 intelligere,
382 542 430 560 atque
444 539 510 555 similia.
523 540 578 556 Cetera

202 569 240 580 vero
249 565 284 580 sine
294 564 353 585 quibus
364 564 401 580 finis
412 566 463 585 potest
473 564 537 584 baberi,
546 570 577 581 nun

202 589 291 605 necessario
301 589 335 605 vult
344 589 372 609 qui
383 589 417 605 vult
427 588 482 604 finem.
492 589 527 605 lime
537 589 578 606 Tho-

203 618 236 629 mas
247 613 264 629 in
275 613 346 629 Summa.

222 638 238 654 ln
247 643 278 658 qua
286 638 340 656 etiam,
346 637 402 658 quinta
409 638 503 658 quastione,
509 638 529 654 ad
538 643 579 659 qum·

202 662 270 678 ationem
285 667 317 683 qua
331 662 393 683 qum-it,
406 667 426 678 an
441 667 497 678 omnes
511 663 579 679 bentitu-

202 687 256 703 dinem
266 689 348 708 appetent,
356 687 379 703 sic
390 688 474 708 respondet
484 692 487 703 :
496 687 579 704 Beatitudo

202 712 289 732 dupliciter
304 714 355 732 potest
367 712 471 727 considerari,
485 712 543 731 Primo,
556 717 580 728 ae-

203 736 274 752 eundum
289 741 391 752 communem
408 736 512 752 beatitudinis
531 737 579 753 ratio-

606 490 677 506 suaviter
684 490 759 510 disponit,
765 489 841 510 quoniam
849 494 949 510 unaquaque
957 494 984 505 res

606 520 626 531 ex
637 517 693 531 natura
705 514 735 530 sibi
748 514 826 530 divinitus
839 514 894 533 indita,
905 514 955 530 tendit
966 514 984 530 in

607 540 646 556 illud
658 540 677 555 ad
688 539 730 560 quod
742 544 771 560 per
782 539 853 555 divinam
865 539 983 559 providentiam

606 564 690 580 ordinatur
704 564 792 580 secundum
804 563 900 584 exigentiam
915 563 985 584 imprm-

607 589 656 605 sioni·
667 591 739 609 receptui.
748 588 767 604 Et
777 588 853 609 quoniam
864 590 921 604 cuncta
932 593 941 604 a
952 588 985 604 Deo

607 614 695 634 procedunt
708 613 724 629 in
737 615 815 634 quantum
830 613 881 629 bonus
893 615 922 631 est,
937 615 986 633 prout

607 638 691 659 Dionysius
703 640 718 653 el
731 638 828 658 Augustinus
840 637 932 657 affirmant,
945 637 985 653 hinc

607 663 662 679 omnia
672 665 730 681 creata,
740 663 828 678 secundum
842 662 964 683 impressionem
976 667 986 678 ι

608 687 639 703 Deo
649 689 720 703 creatore
731 689 811 708 receptam
821 687 919 703 inclinantur
927 687 947 702 ad
957 686 986 703 bo-

608 717 646 728 num
659 712 767 733 appetendum
779 712 867 727 secundum
880 711 946 727 niodum
957 716 985 727 su-

609 741 641 755 um,
654 739 671 752 ιιι
684 737 707 752 sic
719 736 735 752 in
751 736 799 752 rebus
814 736 897 752 circulatio
910 736 984 757 quiedam

203 765 240 777 nem
249 765 253 776 :
261 761 317 781 sicque
328 766 392 777 necesse
403 763 427 776 est
439 763 457 777 ut
467 761 520 777 omnis
532 762 581 777 homo
589 762 600 778 G
608 761 704 779 inveniatur.
717 761 755 776 dum
768 766 777 776 a
789 761 831 777 bono
843 760 947 781 egredientes,
961 765 986 776 re-

203 785 318 801 beatitudinem
331 786 375 801 velit.
389 786 433 802 Ratio
446 788 500 802 autem
512 786 580 802 beatitu-

203 810 245 826 dinis
255 810 349 829 comrnunis,
357 812 381 826 est
391 811 433 831 quod
443 811 464 826 sit
473 810 534 827 bonum
545 816 580 832 per-

204 834 268 850 fectum.
284 834 368 855 Quumque
383 835 443 851 bonum
457 835 478 851 sit
492 835 579 852 voluntati·

203 859 290 879 objectum,
304 859 392 880 perfectum
403 859 470 880 alicujus
484 860 543 876 bonum
556 863 580 876 est

203 884 246 905 quod
261 884 339 900 voluntati
356 884 391 904 ejus
409 884 478 900 muliter
495 884 579 901 satisfacit.

203 909 243 924 Hinc
251 909 364 924 beatitudinem
373 911 454 929 appetere,
463 914 494 925 non
502 911 526 925 est
535 910 580 925 aliud

204 938 253 954 quam
264 936 319 954 optare
332 936 349 949 ut
359 934 433 949 voluntas
445 934 511 950 satietur
522 939 526 950 :
537 935 579 955 quud

204 958 272 979 quilibet
283 958 322 974 vult.
334 958 368 974 Alio
379 958 426 974 modo
439 963 523 979 possumus
535 959 580 979 loqui

204 983 224 999 de
232 983 329 999 beatitudine
339 983 427 998 secundum
437 983 523 1003 specialem
535 983 581 1000 ratio-

204 1012 247 1026 nem,
255 1009 333 1028 quantum
341 1007 360 1023 ad
369 1007 384 1023 id
392 1007 408 1023 in
417 1012 448 1027 quo
457 1007 538 1024 beatitudo
545 1013 582 1024 con-

204 1032 256 1048 sistit:
265 1034 281 1048 et
291 1032 314 1048 sic
326 1036 357 1048 non
369 1036 424 1047 omnes
435 1034 533 1052 cognoscunt
544 1032 581 1048 bea-

608 788 692 802 vertuntur
703 788 731 801 aut
743 786 810 801 tendunt
825 786 841 801 in
855 785 899 801 illud.
913 785 985 806 Denique

608 810 691 827 circulatio
701 811 730 826 ieta
738 810 754 826 in
764 810 898 826 intellectualibus
906 810 984 826 amaturis

609 835 693 856 perlinitur
703 840 706 851 τ
718 840 753 855 quaa
764 835 873 855 cognoscendo
883 837 899 850 et
909 835 984 854 amando,

608 865 690 876 summum
698 860 757 876 bonum
767 860 845 880 attingere
853 861 918 880 queunt,
927 860 944 875 in
952 864 985 880 quo

608 885 680 901 eonaistit
692 889 747 900 eorum
760 884 834 900 felicitas,
847 884 864 900 ln
877 884 934 900 ceteris
946 889 985 900 vero

608 912 662 925 manet
676 909 770 930 imperfecta
783 914 786 925 τ
800 909 838 930 quia
851 913 883 925 non
896 909 916 925 ad
930 909 984 930 ipsum

607 934 703 952 Creatorem,
716 934 743 950 sed
756 934 775 949 ad
790 933 876 954 aliqualem
889 933 924 954 ejus
939 934 984 949 simi-

608 958 692 974 litudinem
705 960 732 974 aut
746 958 884 979 participationem
897 958 983 979 attingunt,

609 985 626 998 ut
641 983 743 999 irrationalia.
755 983 798 1002 Ideo,
812 983 854 999 siout
868 983 944 1003 qurelibet
959 988 984 999 res

608 1008 639 1024 alia
650 1008 744 1023 naturaliter
754 1008 816 1028 appetit
825 1012 872 1023 auum
886 1007 952 1027 bonum,
963 1008 984 1023 ita

608 1033 684 1054 qualibet
691 1032 772 1049 rationalia
779 1035 851 1048 creatura
859 1032 952 1048 naturaliter
960 1038 986 1049 cu—

205 1057 295 1075 titudinem,
309 1057 346 1077 quia
361 1056 435 1077 ignorant
449 1057 475 1072 cui
490 1058 601 1075 communisn
609 1058 632 1078 pit
641 1057 739 1073 felicitatem.
750 1057 789 1073 Eine
799 1057 897 1078 Augustinus
910 1054 985 1073 tei-tiode-

205 1082 245 1097 ratio
257 1081 360 1097 beatitudinis
372 1083 462 1102 competat;
475 1083 490 1097 et
503 1087 532 1102 pei·
543 1087 581 1098 con—

204 1110 278 1126 sequens,
289 1106 340 1126 quoad
352 1106 387 1124 boc,
399 1110 428 1122 nec
441 1111 496 1122 omnes
508 1111 543 1122 cam
554 1111 581 1123 vo-

204 1130 240 1146 lunt
250 1133 278 1146 aut
287 1130 359 1151 cupiunt⁴
368 1139 389 1142 —
396 1130 467 1151 Insuper,
476 1131 495 1146 ad
506 1131 581 1151 quaestio«

205 1160 242 1171 nem
249 1155 327 1174 eamdem,
332 1160 381 1176 super
388 1157 468 1176 quartum,
474 1156 581 1176 magiatralius

205 1180 387 1200 respondena,disseruit
395 1185 399 1195 ι
409 1180 425 1195 ln
433 1180 477 1196 omni
484 1180 540 1196 ordine
549 1185 581 1197 mo-

205 1204 262 1220 bilium
269 1206 286 1220 et
295 1206 380 1223 motorum,
388 1206 451 1225 oportet
460 1205 538 1221 secundos
550 1210 581 1221 mo-

204 1231 246 1245 tores
260 1229 329 1245 ordinari
345 1229 361 1244 in
377 1229 426 1245 finem
443 1229 490 1250 primi
507 1230 578 1249 motoris,

205 1258 233 1274 per
249 1253 369 1274 dispositionem
386 1254 409 1269 eis
425 1259 434 1269 a
450 1254 502 1274 primo
518 1256 581 1270 motet-e

205 1279 305 1299 impressam,
314 1280 331 1294 ut
341 1280 384 1299 patet
394 1283 444 1299 quum
454 1278 507 1294 anima
517 1283 545 1294 seu
556 1283 582 1295 vo-

205 1303 258 1319 luntas
268 1305 321 1319 movet
332 1308 402 1322 manum,
411 1305 427 1319 et
437 1308 494 1319 manus
506 1303 581 1319 baculum

205 1328 233 1349 qui
246 1328 316 1348 percutit
327 1333 330 1344 :
341 1328 384 1348 quod
396 1330 420 1343 est
432 1328 470 1344 finis
480 1333 490 1343 a
500 1328 581 1344 voluntate

608 1083 650 1098 cimo
657 1082 677 1098 de
684 1082 760 1098 Trinitate
768 1084 840 1101 testatur,
849 1082 891 1103 quod
901 1082 914 1098 si
924 1082 984 1098 mimus

608 1107 628 1123 de
635 1111 667 1128 quo
675 1106 697 1122 ibi
705 1107 781 1127 loquitur,
790 1106 861 1125 dixisset,
869 1106 927 1123 Omnes
935 1107 984 1123 vultis

608 1136 642 1147 esse
657 1131 705 1149 beati,
718 1135 749 1147 non
765 1131 829 1151 miseri3
842 1131 908 1147 dixisset
922 1131 984 1151 aliquid

608 1156 650 1176 qnod
659 1160 714 1171 omnes
724 1155 740 1171 in
751 1160 779 1171 sua
787 1155 869 1171 voluntate
878 1155 901 1171 sic
911 1160 946 1171 esse
957 1160 985 1172 no-

608 1180 673 1195 vissent*
688 1179 751 1195 Boetius
766 1184 830 1200 quoque
845 1180 886 1196 libro
901 1180 950 1196 tertio
965 1180 985 1196 de

608 1204 723 1223 Consolatione,
736 1204 792 1225 probat
804 1204 846 1225 quod
859 1204 940 1220 mentibus
952 1209 985 1220 om·

608 1229 653 1245 nium
663 1229 746 1245 hominum
756 1229 789 1245 veri
800 1228 838 1245 boui
848 1229 927 1250 cupiditas
938 1232 985 1245 natu-

608 1254 662 1269 raliter
674 1256 698 1269 est
710 1254 774 1269 inserta.
786 1253 844 1269 Verum
857 1256 910 1269 autem
923 1254 984 1270 bonnm

608 1280 654 1294 vocat
665 1278 785 1294 beatitudinem.

628 1303 705 1319 Praeterea
717 1302 785 1319 Thomas
798 1307 847 1323 super
859 1305 940 1323 quartum,
953 1303 985 1319 dis-

608 1328 685 1344 tinctione
699 1327 820 1348 quadragesima
834 1329 895 1347 octava,
908 1328 984 1344 solvendo

993 469 1025 483 511..
1028 473 1048 481 nn
1051 471 1058 480 ι,
