1088 1569
292 133 366 148 ουΑΙ-ιτΙΙι
377 133 457 146 »messala
466 133 515 146 mm
525 134 587 145 tunm
596 134 612 145 m
622 134 679 146 owutis

842 129 872 145 505

98 181 130 194 um.
135 181 168 197 quo
175 168 240 192 movent
247 181 264 192 ee
272 176 307 197 ipsa
312 181 315 192 :
321 178 337 192 et
344 176 367 192 aic
375 176 433 192 dicitur
440 180 474 196 pro·
480 176 493 192 A
500 176 554 192 dinem
560 176 608 192 habet
615 177 635 192 ad
642 176 702 192 exitum
710 177 770 193 causati
778 182 787 192 a
795 181 850 197 causa3
856 177 873 192 in

97 201 149 217 ‹ves-io
158 201 204 222 quasi
214 201 278 222 propria
285 201 344 217 virtute
354 201 427 217 incessio.
435 201 473 216 Inde

97 226 193 242 translatum
205 228 230 242 est
241 226 261 242 nd
273 226 397 247 significandum
408 230 472 242 omnem

98 252 160 267 motum
168 251 216 267 etiam
226 251 299 270 localem,
307 253 322 267 et
330 251 372 267 ultra
380 251 399 267 ad
408 255 472 267 omnem

98 277 160 291 motum
173 278 190 292 et
201 276 305 292 mutationem
318 281 354 297 qum
366 278 390 292 est
402 280 422 291 ex
434 280 473 296 quo-

98 300 135 316 dam
146 300 161 316 in
172 301 254 321 quiddam,
264 303 280 316 et
290 303 370 321 postremo
380 301 399 316 ad
409 305 473 316 omnem

98 325 216 341 emanationem
224 325 311 341 secundum
322 330 371 345 quarn
379 325 439 345 aliquid
449 327 473 340 est

97 349 119 365 ab
126 350 181 370 aliquo
189 352 206 365 ut
213 354 223 365 a
230 354 259 365 suo
269 349 354 370 principio.
363 349 382 365 Et
389 350 411 365 ita
421 349 472 365 solum

97 374 173 390 convenit
186 374 202 390 in
215 374 279 393 divinis,
289 376 305 390 et
318 375 353 393 hoc,
363 374 432 390 exclusia
444 374 474 389 im-

98 399 225 419 perfectionibus
233 403 268 419 quae
275 401 313 415 sunt
320 399 337 414 in
346 398 473 414 emanationibus

97 425 213 442 creaturarum,
218 428 254 444 quae
261 426 298 439 sunt
305 428 324 439 ex
333 426 377 444 parte
386 425 438 439 motus
445 427 472 439 seu

97 448 192 464 mutationis
201 450 228 464 aut
237 448 334 464 diversitatis
345 448 417 464 essentia
426 452 429 463 :
438 447 474 468 qui-

500 203 579 222 quantum
587 206 624 217 vero
632 201 703 222 procedit
710 204 728 217 ut
735 206 780 217 amor
787 201 815 222 qui
824 201 874 217 tendit

501 226 517 242 in
533 226 601 242 alterum
615 231 647 242 non
662 226 704 242 sicut
718 226 734 242 in
749 226 833 247 recipiens,
846 226 874 242 sed

500 251 542 267 sicut
557 251 573 267 in
588 251 675 271 objectum,
691 251 739 267 hebet
752 251 874 267 similitudinem

500 281 537 292 cum
545 276 646 296 processione
656 276 708 294 locali,
717 281 753 296 quas
760 277 784 291 eet
793 280 812 291 ox
820 276 874 296 aliquo

501 301 517 317 in
532 301 599 321 aliquid.
614 301 660 316 Pater
674 305 744 321 namque
759 302 801 316 amat
817 300 874 316 Filium

500 330 554 341 amore.
566 325 594 346 qui
607 327 631 341 est
642 325 711 346 Spiritus
723 325 795 341 Sanctus.
804 325 839 341 Alia
851 330 875 341 ra-

500 350 528 369 tio,
541 352 560 366 ut
571 351 624 369 credo,
637 352 661 366 est
673 349 735 368 melior,
748 350 786 370 quia
798 350 814 365 in
827 349 875 365 rebus

500 375 558 391 creatis
566 375 657 391 invenimus
667 374 728 395 :liquid
738 374 754 390 in
762 379 779 390 eo
787 374 875 390 subsistens

501 400 587 420 procedere
597 404 626 420 per
635 400 699 415 modum
710 401 776 418 natura,
784 399 827 419 quod
837 398 875 414 dici-

501 429 537 440 mus
544 424 616 444 generari
626 429 630 440 z
638 424 693 444 sicque
702 424 783 444 potuimus
791 423 876 444 processio-

502 453 538 464 nem
548 449 584 464 Filii
594 449 659 470 proprio
669 449 734 464 nomine
744 448 832 469 designare.
841 448 874 464 Non

97 472 128 488 bns
140 472 215 491 exclusis,
226 473 246 488 de
259 473 319 489 ratione
332 472 438 493 processionis
449 476 474 488 ω-
483 471 495 487 B
501 476 554 489 autem
563 473 653 489 invenimus
661 473 677 489 in
686 473 763 489 creaturis
770 473 831 493 aliquid
839 472 876 488 sul)-

97 497 132 513 lum
144 499 168 513 eat
180 498 222 518 quod
235 498 256 513 sit
268 497 355 518 procedens
366 497 387 512 ab
398 497 435 513 alio.
447 496 474 512 Ex<

98 522 148 538 elusis
165 522 208 538 euim
224 522 268 538 omni
286 524 336 541 motu,
354 522 442 538 mutatione
459 524 474 537 et

99 547 202 563 innovatione
213 547 233 563 ab
242 547 309 566 actione,
318 549 401 563 remanent
411 546 440 562 soli
453 551 475 562 re-

97 574 163 592 spectus
173 576 182 587 ι
192 576 224 592 quo
235 571 296 592 aliquid
306 574 322 587 et
330 571 372 592 quod
383 571 403 587 ab
413 571 473 591 aliquo.

98 596 135 612 Eme
148 599 201 612 nutem
215 596 231 612 in
243 596 302 612 divinis
315 596 422 617 reperiuntur.
434 596 474 611 Hinc

98 623 161 637 constat
173 621 216 641 quod
229 621 309 641 processio
321 621 337 636 in
352 621 411 637 divinis
422 621 474 636 solum

98 645 159 661 dicitur
171 646 190 661 de
202 645 302 661 emanatione
317 645 385 666 passiva,
398 645 475 666 quoniam

99 671 123 686 illi
135 670 164 686 soli
177 670 252 686 convenit
263 670 349 691 procedere
361 670 387 686 oui
400 669 475 686 convenit

99 695 120 711 ab
127 695 160 711 alio
167 700 202 711 esse
210 699 214 710 t
222 695 265 715 quod
273 699 304 711 non
315 694 390 711 convenit
399 694 430 710 nisi
439 699 476 715 pro-

98 720 153 736 ducto.
162 720 242 736 Procesaio
250 721 302 735 tamen
312 719 426 740 appropriatur
433 724 476 735 ema-

99 745 161 761 nationi
176 744 245 765 Spiritus
259 744 318 760 Sancti.
334 744 417 760 Emnnatio
432 744 474 759 enim

502 498 559 514 sistens
575 498 660 519 procedere
675 502 703 518 per
717 498 783 513 modum
797 497 856 513 amoris
871 502 875 512 z

503 523 538 539 ideo
546 522 662 543 processionem
670 522 739 543 Spiritus
748 522 801 538 Sancti
810 527 839 543 per
846 526 877 538 mo-

502 548 540 563 dum
555 548 614 563 amoris
628 547 734 568 procedentis,
749 551 780 563 non
795 547 876 567 potuimus

502 572 594 593 significum
602 572 667 592 proprio
675 571 744 591 nomine,
753 571 779 587 sed
787 571 875 587 communi.

502 597 538 613 Hac
549 597 621 612 Thomas.

522 621 610 637 Concordat
620 621 713 640 Riehardus,
722 621 763 636 inter
774 622 826 636 celera
837 620 876 636 scri-

503 646 542 662 bens
551 650 554 661 :
563 646 691 664 Pmeedcre‚11no
699 645 745 661 modo
753 645 795 661 idem
803 645 876 665 estquod

502 671 523 686 ab
534 670 566 686 ulio
580 675 620 689 esse,
633 672 649 686 et
664 670 685 686 ita
697 670 785 686 secundum
799 669 876 685 rationem

503 700 588 711 commune
595 697 619 711 est
628 695 668 710 Filio
678 696 726 715 atque
736 694 803 715 Spiritui
812 694 875 710 Sancto.

502 720 537 736 Alio
545 720 592 735 modo
601 720 670 735 sumitur
680 719 766 740 procedere
776 723 805 740 pro
815 723 849 734 esse
856 718 877 734 ab

503 749 535 760 nno
543 744 559 760 in
570 744 620 760 alium
628 746 645 760 ut
655 744 671 760 in
679 744 767 764 objectum,
775 743 878 764 quemadmo-

99 769 135 785 Filii
144 769 229 790 proprium
238 769 286 784 habet
296 773 359 785 nomen.
368 768 413 784 Ratio
422 770 474 784 autem
485 768 496 784 C
503 769 541 785 dum
556 773 601 785 arnor
612 771 637 784 est
649 768 670 784 ab
682 771 745 784 amante
760 768 776 784 in
790 770 861 784 umatum
873 772 877 784 ε

99 794 237 815 nppropriationis
248 796 271 809 est
281 794 345 814 triplex.
353 794 405 809 Prima
415 795 439 809 est
449 798 476 814 pe

99 819 147 835 nuria
160 819 243 835 nominum
255 818 271 834 in
282 818 307 834 his
318 823 354 839 quae
365 818 446 839 pertinent
456 818 475 833 ad

99 843 178 864 Spiritum
193 843 268 859 Sanctum
282 848 286 859 5
300 843 335 859 idco
346 843 426 859 emanatio
440 842 475 863 ejus

100 868 159 884 retinet
171 868 202 883 sibi
215 872 272 883 nomen
285 872 376 886 commune,
387 872 437 888 quum
450 867 476 883 de-

100 893 146 909 liciat
154 892 243 913 proprium.
252 892 324 908 Secunda
331 894 355 908 eat
365 892 476 908 convenientia

101 917 172 934 nominis
182 917 293 938 processionis.
302 917 385 937 Significat
393 917 436 932 enim
445 917 476 937 pri-

101 947 128 958 mo
142 941 251 958 voluntarium
266 944 333 960 motum,
345 941 438 962 accipiendo
449 946 477 957 vo-

101 967 180 982 luntatem
192 971 221 987 pro
230 966 303 987 appetitu
313 968 390 986 sequente
401 966 477 986 cognitio-

101 996 145 1007 nem.
154 991 223 1012 Spiritus
232 991 299 1007 Sonctus
308 993 361 1006 autem
373 995 402 1011 per
412 991 476 1006 modum

100 1016 189 1032 voluntatis
200 1015 272 1036 procedit
281 1020 284 1031 :
294 1015 329 1031 idco
339 1015 452 1036 appropriatur
462 1015 476 1030 ei

101 1041 132 1057 hoc
140 1045 204 1057 nomen.
213 1040 271 1059 Tertia,
280 1040 355 1061 quoniam
363 1039 432 1061 Spiritus
439 1039 477 1055 San-

100 1068 137 1082 ctus
147 1065 219 1086 procedit
228 1070 238 1081 o
247 1069 278 1081 non
291 1064 413 1085 procedento‘et
424 1069 477 1085 pmcc-
485 1064 546 1083 DFilii,
559 1064 601 1085 quod
614 1066 637 1079 est
649 1063 738 1084 generatim
752 1063 773 1079 ita
785 1065 809 1079 est
822 1068 880 1079 nomen
906 1059 908 1061 ’

100 1091 154 1109 dente,
167 1090 198 1106 hoc
210 1092 233 1105 est
245 1094 254 1105 a
265 1090 310 1105 Patre
323 1091 338 1105 et
352 1089 391 1105 Filio
405 1094 408 1105 :
422 1089 477 1109 sicque

102 1115 183 1136 processio
197 1114 267 1135 amplius
281 1114 295 1130 ei
310 1114 396 1130 convenire
408 1114 476 1130 videtur*

101 1139 138 1155 Erec
149 1139 238 1155 Durendua,

126 1164 175 1180 Porro
189 1163 257 1180 Thomas
272 1163 288 1179 in
303 1163 366 1184 Scripto
380 1163 424 1179 addit
438 1163 477 1178 alias

104 1189 143 1204 duas
151 1188 220 1204 rationes
227 1188 360 1209 appropriationis
369 1187 478 1206 istiuszouum

103 1213 193 1234 (inquiens)
201 1212 280 1233 processio
287 1213 349 1228 dicatur
356 1212 446 1233 dupliciter,
452 1217 479 1233 pu-

105 1240 120 1254 ta
132 1237 221 1254 secundum
233 1239 294 1253 motum
309 1237 381 1255 localem,
394 1239 410 1253 et
422 1242 479 1253 secun—

105 1263 142 1278 dum
151 1262 212 1278 exitum
222 1262 282 1278 causati
290 1267 300 1277 a
309 1267 361 1281 cauae,
370 1264 437 1282 uterquc
446 1266 479 1277 mo-

104 1287 133 1303 dus
141 1286 197 1307 aliquo
204 1286 251 1302 modo
260 1286 337 1307 competit
344 1286 402 1307 origini
411 1286 479 1307 Spiritus

104 1311 163 1328 Sancti.
172 1311 189 1327 ln
197 1313 275 1332 quantum
285 1311 328 1327 enim
339 1311 410 1332 procedit
419 1313 437 1327 ut
444 1316 480 1332 per-

105 1340 144 1352 rona
153 1336 235 1355 ‹li-tincta,
242 1336 266 1352 aie
276 1341 305 1352 sua
316 1336 396 1356 processio
407 1335 480 1351 similitu-

503 794 558 814 sicque
570 793 653 814 proprium
666 795 690 809 eat
702 793 768 814 Spiritui
783 793 846 809 Sancto.
860 793 879 808 Et

503 818 577 839 quamvis
589 818 674 839 procedere
686 818 738 839 primo
748 818 795 834 modo
806 818 827 833 sit
836 822 879 833 com-

504 848 552 859 mune
565 843 604 859 Filio
615 845 663 863 atque
675 842 742 863 Spiritui
754 842 817 861 Sancto,
825 844 878 858 tamen

503 867 570 888 Spiritui
582 867 640 883 Sancto
651 867 770 888 appropriatur,
781 867 857 887 quoniam
869 871 878 882 a

504 892 566 908 duobus
576 891 648 912 procedit
657 896 660 907 τ
670 891 711 907 unde
720 891 812 911 expressius
821 895 878 906 conve-

504 917 528 932 nit
542 917 556 932 ci
572 916 657 937 processio,
671 916 804 936 quemadmodum
820 920 877 931 nomeu

504 941 596 959 occidentis,
609 941 651 961 quod
666 944 751 956 commune
763 942 787 956 est
799 940 877 955 accidenti

504 965 585 982 communi
598 970 616 981 ec
631 965 701 986 proprio,
714 964 827 985 approprietur
840 964 880 980 acci-

504 990 547 1006 dcnti
556 990 642 1008 communi,
647 989 685 1010 quio
692 989 728 1010 plus
736 989 783 1005 habet
791 989 810 1005 de
818 989 879 1005 ratione

504 1014 641 1031 accidentalitatis.
647 1014 765 1032 Verumtamen,
774 1013 815 1029 sicut
823 1015 847 1029 cst
854 1018 881 1029 no-

505 1044 541 1056 men
554 1039 645 1060 specialiter
656 1038 750 1059 significans
762 1038 880 1054 emanationem

504 1088 596 1109 specialiter
607 1088 701 1109 significans
713 1088 830 1104 cmanationem
844 1087 880 1108 Spi-

505 1114 546 1129 ritus
559 1113 618 1132 Snneu,
631 1113 673 1133 quod
686 1115 710 1128 est
723 1112 794 1133 spiratio.
807 1112 843 1128 nmo
856 1112 881 1128 Ri-

505 1138 579 1154 ahardus.

525 1163 580 1178 Petrus
588 1167 652 1183 quoque
660 1167 664 1178 ῑ
671 1162 746 1180 Quamvis
753 1162 790 1182 (ait)
797 1162 813 1177 in
821 1161 880 1177 divinis

506 1192 537 1203 non
550 1187 570 1203 sit
581 1192 632 1207 genus
644 1189 660 1202 ct
671 1187 739 1207 species,
749 1191 777 1202 seu
790 1186 880 1202 universale

505 1214 521 1227 et
533 1211 634 1232 particulare,
643 1213 712 1227 ettamen
726 1211 747 1227 ibi
760 1213 784 1227 est
796 1211 879 1231 proprium

505 1238 521 1252 et
533 1241 618 1252 commuue
629 1240 632 1252 :
644 1240 729 1252 commune
739 1240 777 1251 vero
787 1235 879 1256 dupliciter,

505 1261 567 1277 scilicet
577 1260 666 1276 secundum
678 1265 716 1279 rem,
725 1260 766 1275 sicut
777 1260 845 1275 esscinia
856 1262 880 1276 est

506 1285 596 1302 communis
606 1285 657 1300 trihus
667 1284 748 1305 personis3
756 1286 783 1300 aut
791 1284 879 1300 secundum

507 1311 590 1328 rationem,
599 1312 616 1325 nt
626 1310 706 1330 processio
715 1309 814 1330 generationi
824 1311 840 1325 et
848 1310 881 1330 spi-

508 1335 570 1351 rationi.
577 1334 635 1350 Verum
644 1334 660 1350 in
668 1336 747 1354 quantum
755 1334 835 1355 processio
842 1334 881 1351 divi-
